4984 6517
1288 2055 1385 2124 10.

1282 3668 1381 3736 Η.

1395 610 1507 694 52

1486 832 1596 911 to,
1651 823 1854 925 poris
1904 824 2323 923 majusculis
2369 825 2590 901 curtis
2643 824 2995 929 angulatis
3065 824 3347 901 tenellis
3425 824 3646 900 fuscis
3699 824 3795 901 ad
3853 823 4058 902 basin
4107 851 4344 928 usque
4400 827 4522 903 de-

1482 942 1957 1018 currentibus

1587 1061 1718 1137 Ad
1765 1069 2065 1136 truncos
2120 1085 2355 1161 prope
2410 1061 2482 1136 S.
2538 1062 2725 1136 Joce
2777 1061 2851 1136 in
2906 1062 3128 1137 Costa
3178 1060 3375 1138 Rica.
3487 1052 3755 1138 Orseed.

1597 1202 1715 1277 Ob
1773 1204 2208 1277 substantiam
2261 1204 2325 1275 in
2377 1216 2628 1301 vegeto
2686 1231 3036 1278 carnosam
3090 1206 3218 1279 sub
3296 1207 3745 1280 exsiccatione
3798 1205 4164 1281 admodum
4215 1217 4525 1292 mutatur,

1489 1321 1703 1395 odore
1757 1322 2016 1422 putido.
2119 1319 2376 1394 Forma
2427 1323 2852 1422 potissimum
2905 1326 2993 1396 P.
3023 1321 3591 1423 flabelliformis,
3646 1324 3755 1398 hic
3797 1351 3962 1398 vero
4019 1350 4059 1398 e
4109 1324 4417 1395 coriacea
4464 1335 4528 1395 et

1492 1453 1732 1515 zonata
1777 1443 1971 1514 serie.
2078 1437 2315 1539 Stipes
2353 1440 2826 1530 brevissimus,
2883 1455 3267 1516 constanter
3316 1443 3727 1541 marginalis,
3778 1443 4242 1529 horizontalis‚
4294 1440 4381 1514 ad
4426 1455 4525 1542 ty-

1484 1585 1646 1658 pum
1699 1558 1839 1656 Ag.
1874 1560 2252 1661 petaloidis
2308 1585 2514 1658 supra
2570 1560 3073 1647 canaliculatus‚
3129 1563 3276 1636 basi
3334 1561 3658 1661 pallidus,
3711 1561 4170 1635 subdilatatus.
4293 1557 4523 1632 Pileus

1485 1684 1667 1750 2-3
1709 1702 1860 1749 unc.
1915 1677 2118 1765 latus,
2171 1704 2208 1748 a
2264 1676 2702 1751 flabelliformi
2754 1679 2817 1749 in
2899 1677 3323 1752 reniformem
3407 1681 3685 1780 figuram
3760 1680 3930 1767 abit,
4003 1706 4139 1752 non
4211 1678 4522 1776 virgatus.

1486 1791 1653 1868 Pori
1709 1808 1778 1868 et
1824 1795 2082 1894 reliqua
2126 1807 2464 1894 utsupra.
2568 1793 2689 1869 Ab
2733 1798 3045 1869 omnibus
3113 1823 3276 1869 suae
3335 1801 3560 1898 stirpis
3640 1796 3898 1871 recedit
3952 1799 4141 1897 poris
4194 1800 4526 1894 majuscu-

1484 1913 1564 1986 lis
1616 1914 1943 2013 angulatis
1993 1926 2062 1988 et
2103 1914 2472 1987 substantia
2524 1914 2843 2002 molliori,
2891 1917 3138 1989 siccata
3186 1916 3367 1989 haud
3417 1921 3695 2017 rigente.

1489 2052 1570 2126 P.
1628 2054 1981 2155 (Peru.)
2035 2077 2791 2131 cummocsspnums.
2898 2057 3115 2131 Berk.
3170 2055 3245 2131 in
3295 2055 3528 2130 Lond.
3581 2057 3835 2131 Journ.
3885 2056 3937 2130 Ῑ.
3989 2080 4056 2156 p.
4112 2062 4253 2131 ⁴47.

1587 2197 1673 2271 In
1731 2197 1983 2273 insulis
2031 2198 2503 2303 Archipelagi
2552 2200 2774 2276 indici
2821 2209 2895 2276 et
2942 2201 3018 2276 in
3072 2198 3461 2300 Philipinis.
3578 2171 3898 2295 συνιείς.

1588 2336 1951 2413 Proximus
2007 2340 2092 2411 Ρ.
2139 2337 2463 2422 vibecino,
2547 2340 2736 2437 poris
2790 2339 3159 2437 conspicue
3214 2335 3484 2408 diverso
3506 2391 3525 2422 ,
3577 2347 3645 2409 et
3695 2336 3780 2406 Ρ.
3824 2333 4187 2436 petaloidi.
4292 2330 4526 2434 Stipes

1482 2457 1751 2533 definite
1802 2458 2126 2543 lateralis,
2183 2458 2330 2530 basi
2383 2481 2777 2555 praemorsa
2842 2469 2910 2528 at
2958 2459 3070 2530 vix
3125 2467 3416 2543 scutata,
3480 2463 3521 2526 Ω
3571 2454 3678 2526 lin.
3732 2454 3996 2526 circiter
4028 2452 4307 2550 longus,
4359 2453 4526 2527 linea

1489 2590 1672 2651 recta
1721 2589 2081 2676 porrectus
2138 2577 2202 2647 in
2262 2575 2512 2675 pileum
2558 2576 2778 2673 primo
2832 2577 3557 2660 cuneato-obovatum,
3611 2571 3765 2645 dein
3812 2572 4025 2669 magis
4073 2569 4530 2658 reniformem‚

1485 2698 1794 2795 utrinque
1847 2694 2308 2795 applanatum‚
2362 2697 2580 2792 4ᾗ-3
2631 2718 2783 2766 unc.
2836 2693 3070 2780 latum,
3138 2692 3377 2767 lineam
3443 2718 3777 2778 crassum,
3836 2690 4024 2763 lineis
4077 2690 4321 2762 strictis
4382 2689 4529 2764 ele-

1489 2815 1657 2887 vatis
1709 2814 1913 2913 paulo
1978 2809 2489 2885 obscurioribus
2546 2811 2829 2912 pulchre
2882 2811 3487 2910 mdiato-virgatus.
3591 2807 3845 2907 Margo
3902 2807 4357 2895 acutissimus,
4407 2835 4528 2908 pa-

1488 2946 1669 3019 tens,
1715 2930 2002 3005 subinde
2047 2932 2459 3029 nigrescens.
2566 2928 2940 3003 Contextus
2989 2931 3241 3016 tenuis,
3286 2956 3325 3003 e
3376 2956 3662 3003 carnoso
3695 2926 4193 3025 lento-fragilis,
4243 2925 4526 3001 dilutior.

1483 3047 1649 3123 Pori
1700 3051 1899 3134 curti,
1952 3075 2154 3122 carne
2205 3046 2364 3147 pilei
2410 3048 2797 3136 breviores,
2844 3050 3108 3135 minuti,
3162 3049 3416 3147 stipati,
3463 3048 3726 3146 absque
3765 3059 4007 3131 trama,
4054 3056 4123 3116 at
4147 3044 4332 3117 nudo
4363 3039 4534 3120 ocuss

1486 3169 1553 3241 lo
1605 3167 1800 3242 facile
1852 3166 2310 3254 discernendi,
2360 3192 2481 3240 ore
2534 3178 2768 3255 acuto,
2823 3166 3130 3241 umbrini.
3234 3163 3628 3265 Specimina
3675 3175 3905 3238 nostra
3957 3188 4111 3235 cum
4170 3161 4531 3262 Cuming.!

1484 3298 1730 3360 οιαὶ-ο.
1782 3312 1850 3357 n.
1904 3295 2070 3360 1991.
2123 3288 2378 3386 optime
2430 3289 2855 3360 conveniunt.
2953 3282 3113 3357 Alia
3164 3285 3253 3358 ab
3305 3281 3613 3357 Auctore
3663 3285 3817 3383 ipso
3889 3284 4093 3355 missa
4156 3286 4529 3382 conspicue

1482 3405 1808 3479 recedunt
1893 3404 2076 3503 pileo
2153 3404 2371 3504 rigido
2451 3404 3205 3489 testaceo-rufescente,
3292 3406 3589 3501 margine
3640 3400 4260 3499 undulata-crispo,
4338 3404 4527 3500 poris

1483 3522 1963 3621 pallidioribus.

1490 3661 1571 3735 P.
1626 3661 1981 3761 (Pa-ru.)
2036 3682 2460 3744 ruffinus,
2515 3657 2712 3761 pileo
2774 3685 2818 3734 e
2875 3683 3189 3734 carnoso
3244 3657 3480 3761 rigido
3548 3658 3805 3762 glabro
3858 3686 3902 3735 e
3954 3658 4112 3735 basi
4182 3659 4530 3761 spadicea

1486 3776 2075 3879 radiato-rugoso
2128 3783 2483 3864 testaceo,
2568 3777 2852 3879 postice
2904 3786 3248 3878 porrecto
3300 3777 3377 3852 in
3450 3777 3761 3878 stipitem
3835 3776 4207 3853 lateralem
4285 3778 4529 3856 subtus

1479 3898 2022 3972 canalicaedatum
2071 3894 2377 3998 basique
2429 3894 2823 3971 orbiculari
2872 3894 3253 3997 peltatum‚
3307 3894 3509 3998 poris
3559 3894 3851 3970 minutis
3928 3895 4259 3972 rotundis
4312 3896 4526 3973 obtu-

1480 4015 1579 4089 sis
1679 4012 1929 4088 auidis.

1580 4038 2011 4190 Pssomiscue
2062 4138 2227 4188 cum
2282 4117 2369 4189 P.
2399 4117 2587 4216 fisso
2638 4118 2739 4213 (n.
2793 4119 2868 4218 8)
2916 4113 3011 4189 ad
3067 4114 3140 4189 S.
3188 4116 3406 4202 Joce,
3469 4116 3692 4190 Costa
3737 4112 3936 4188 Rica.
4049 4102 4320 4190 ῥηταί.

1576 4254 1870 4332 Habitus
1923 4259 2011 4330 Ρ.
2061 4267 2247 4330 varii
2297 4270 2411 4330 aut
2458 4260 2687 4358 potius
2721 4258 2927 4356 fissi,
3004 4269 3071 4329 at
3137 4259 3313 4331 notis
3364 4256 3787 4330 evidentibus
3840 4254 4168 4329 diversus.
4289 4255 4526 4359 Stipes

1484 4387 1718 4449 exacte
1764 4376 2086 4465 lateralis,
2146 4385 2186 4448 2
2231 4376 2338 4449 lin.
2393 4375 2533 4449 sere
2586 4375 2863 4474 longus,
2918 4400 3389 4474 compressus,
3439 4376 3746 4473 utrinque
3799 4401 3837 4445 a
3883 4371 4064 4473 pileo
4124 4374 4527 4451 decurrente

1483 4497 1917 4593 marginatus‚
1969 4496 2379 4594 marginibus
2433 4491 2751 4579 deflexiS‚
2804 4492 2983 4566 unde
3039 4496 3277 4568 subtus
3331 4492 3800 4566 canaliculatus
3853 4491 4111 4581 evadit,
4156 4495 4339 4567 nullo
4379 4523 4527 4568 mo·

1480 4612 1571 4685 do
1626 4613 2038 4712 nigrescens.
2141 4609 2374 4685 Pileus
2426 4610 2886 4685 subrotundus
2945 4612 2984 4684 l.
3033 4612 3407 4710 oblongus,
3460 4619 3501 4683 2
3548 4638 3698 4684 unc.
3751 4612 4014 4684 circiter
4057 4613 4261 4700 latus,
4308 4618 4529 4690 tenuis

1476 4733 1682 4804 instar
1720 4729 1804 4804 P.
1856 4731 2025 4820 fissi,
2072 4733 2295 4804 siccus
2344 4729 2552 4803 durus
2605 4729 2731 4803 sed
2778 4729 2974 4803 valde
3020 4742 3404 4803 contractus
3457 4743 3526 4805 et
3570 4731 3941 4818 involutus,
3988 4743 4063 4802 ut
4107 4757 4350 4807 recens
4380 4735 4526 4807 sine

1482 4847 1690 4922 dubio
1756 4850 2008 4936 mollis,
2062 4875 2200 4922 non
2261 4848 2655 4937 fibrillosus,
2729 4862 2802 4922 ut
2857 4851 2943 4921 Ρ.
2994 4844 3365 4933 υἱῦεείηιιε,
3439 4849 4089 4950 grammocepbalus
4141 4863 4268 4923 etc.
4372 4849 4528 4953 Hy-

1480 4970 1770 5040 menium
1821 4969 1888 5039 in
1942 4969 2189 5067 pagina
2218 4965 2510 5040 inferiori
2536 4969 2778 5067 stipitis
2830 4967 3176 5065 marginati
3229 4993 3446 5066 usque
3500 4967 3585 5040 ad
3635 4969 3828 5041 basin
3881 4966 4284 5056 decurrens,
4332 4969 4524 5069 palli·

1478 5084 1671 5174 dum,
1723 5086 2029 5185 primitus
2084 5112 2402 5184 aporum,
2445 5084 2886 5185 papillosum·,
2937 5082 3091 5158 dein
3145 5110 3311 5157 vero
3355 5088 3507 5187 pori
3550 5089 3782 5186 aperti.
3877 5085 4255 5161 Contextus
4310 5086 4522 5161 albus.

1394 5222 1431 5258 '
1476 5219 1562 5299 P.
1614 5221 1976 5327 (Puram.)
2030 5243 2499 5299 auxensis,
2603 5219 2686 5295 P.
2741 5222 3087 5296 annulatus
3137 5218 3387 5321 Jungh.
3442 5220 3591 5298 Jav.
3643 5250 3711 5325 p.
3763 5229 3862 5298 53.
3917 5223 3957 5296 f.
4010 5233 4109 5299 28.

1573 5339 1853 5418 Nomen
1894 5345 2337 5442 incongruum
2389 5353 2461 5414 et
2508 5339 2702 5415 fallax
2745 5341 2981 5416 leviter
3029 5341 3436 5468 mutandum.
