4984 6517
471 767 528 834 Ι.

3490 546 3604 630 95

658 761 741 836 Τ.
798 759 1280 863 (SCUTATAE)
1347 784 1712 843 ELEGANS.
1835 759 2077 863 Epicr.
2139 789 2208 865 p.
2266 770 2406 837 492.
2498 764 2739 838 Tram.
2805 772 3059 837 incana
3135 758 3350 836 Berk.
3407 762 3605 836 Cent.
3659 761 3710 835 I.

877 882 907 933 ρ
1208 879 1224 895 .
1284 879 1301 894 .

671 904 740 954 ¹¹·
773 890 900 1072 Ξῖ
945 879 1542 1073 ἓῖὲοζιεὼίῃάἰαθ
1592 997 2061 1074 occidentalis
2133 997 2209 1074 in
2296 1000 2519 1073 Costa
2591 995 2774 1071 Rica
2821 995 2917 1071 ad
2970 944 3117 1072 San
3167 996 3373 1072 Joce.
3440 984 3707 1073 O'rsted.

667 1115 751 1191 In
800 1139 1033 1217 regno
1084 1114 1476 1191 Mexicano
1528 1114 1624 1189 ad
1673 1116 2017 1193 Mirador.
2067 1116 2423 1192 Liebman.

770 1247 1065 1350 Species
1116 1252 1313 1326 valde
1366 1254 1737 1342 mutabilis,
1790 1265 1862 1326 ut
1931 1280 1970 1327 e
2029 1253 2230 1351 longa
2283 1252 2645 1326 formarum
2731 1253 2905 1325 serie
2979 1264 3183 1351 patet.
3313 1249 3702 1353 Specimina

665 1370 1184 1470 perfectissima,
1234 1370 1700 1459 horizontalia,
1749 1373 2043 1469 integra,
2082 1372 2471 1445 subsessilia
2523 1373 2589 1442 in
2642 1372 2789 1443 basi
2844 1372 3200 1444 orbiculari
3248 1373 3534 1470 peltata,
3602 1370 3704 1441 ul-

669 1501 768 1561 tra
820 1490 1132 1589 pollicem
1177 1490 1337 1578 lata,
1388 1493 1628 1590 stipitis
1680 1492 1983 1589 speciem
2026 1492 2417 1589 praebente.
2520 1486 2676 1561 Alia
2723 1492 3090 1586 specimina
3118 1490 3524 1576 reniformia‚
3573 1514 3704 1587 po-

662 1609 829 1680 stice
900 1612 1343 1708 emarginata,
1415 1611 1639 1708 stipite
1718 1609 1910 1681 brevi
1967 1608 2235 1682 laterali.
2367 1606 2549 1680 Tota
2613 1619 2911 1680 ceterum
2986 1621 3315 1682 structura
3356 1621 3437 1681 ·et
3496 1607 3704 1680 facies

663 1725 981 1799 Lenzicis
1053 1728 1488 1827 applanatae
1538 1727 1577 1799 l.
1633 1724 1970 1814 Palisotii,
2037 1727 2704 1826 lignoso-suberosa,
2777 1726 2974 1813 dura,
3052 1726 3297 1825 rigida;
3357 1727 3482 1801 sed
3537 1752 3703 1799 con-

661 1856 884 1918 textus
943 1845 1285 1919 floccosus
1334 1847 1550 1918 tenuis
1600 1848 1816 1942 (1-2
1863 1846 1969 1919 lin.
2029 1854 2329 1943 crassus)
2384 1845 2596 1917 albus.
2700 1843 2933 1919 Pileus
2985 1847 3254 1945 glaber,
3299 1846 3550 1946 politus
3602 1844 3704 1942 (at

661 1989 796 2035 non
844 1965 1312 2064 incrustatus),
1372 1963 1574 2036 sulcis
1631 1962 2031 2062 quibusdam
2095 1963 2420 2037 obsoletis
2473 1966 2916 2038 concentricis
2968 1976 3266 2051 notatus,
3319 1969 3501 2036 3—4
3548 1988 3700 2034 unc.

663 2079 868 2167 latus,
920 2081 1489 2169 alutaceo-albus,
1539 2084 1837 2181 margine
1892 2094 2087 2153 acuto
2138 2094 2429 2181 patente.
2536 2081 2705 2155 Pori
2757 2084 3010 2171 obtusi,
3063 2110 3241 2156 nunc
3291 2107 3526 2154 omnes
3575 2082 3700 2152 mi-

656 2201 795 2271 nuti
847 2200 1114 2274 rotundi
1165 2201 1343 2274 haud
1394 2198 1756 2273 admodum
1798 2200 2058 2288 obtusi,
2109 2228 2287 2274 nunc
2339 2202 2758 2299 longioribus
2818 2202 3176 2276 linearibus
3234 2203 3435 2274 mixti.
3551 2197 3711 2272 Ex-'

659 2331 790 2391 stat
838 2344 1047 2418 porro
1095 2347 1231 2393 var.
1280 2331 1536 2406 minor,
1591 2321 1772 2419 pileo
1824 2321 2160 2408 obovato,
2206 2323 2471 2420 postice
2517 2321 2763 2418 gibbo,
2810 2323 3000 2421 poris
3046 2321 3495 2408 tenuioribus,
3544 2317 3697 2418 plu·

660 2437 841 2510 rimis
889 2437 1280 2527 linearibus,
1338 2465 1458 2512 ore
1509 2437 1953 2511 luscescente.

643 2575 729 2650 T.
785 2575 1270 2681 (ScurATAE)
1325 2601 1776 2666 ommium,
1831 2576 2025 2677 pileo
2075 2575 2762 2682 suberoso-lignoso
2812 2577 3009 2654 tenui
3070 2574 3460 2653 orbiculari
3517 2600 3693 2650 con·

658 2693 976 2770 centrice
1024 2693 1303 2772 sulcato
1362 2694 1690 2799 glabrato
1744 2695 2020 2783 albido,
2098 2694 2303 2771 disco
2359 2696 2779 2772 umbilicato
2855 2696 3360 2782 tuberculoso‚
3437 2693 3695 2769 subtus

655 2821 910 2888 oentro
963 2813 1231 2903 sessili,
1286 2813 1488 2916 poris
1542 2814 1763 2889 curtis
1817 2812 2156 2916 oblongis
2211 2813 2606 2890 linearibus
2655 2812 3516 2918 ligneo—pallescentibuS.

755 2931 1057 3007 Eisdem
1107 2957 1274 3007 cum
1340 2931 1831 3033 praecedente
1865 2930 2309 3034 regionibus.

754 3071 1205 3149 Praecedenti
1252 3075 1449 3150 valde
1499 3076 1742 3165 affinis,
1794 3077 1920 3152 sed
1983 3077 2248 3151 diversa
2296 3077 2509 3150 forma
2562 3078 2636 3174 (2
2683 3101 2836 3149 unc.
2888 3086 3139 3148 tantum
3185 3074 3345 3171 lata)
3394 3073 3693 3169 margine

649 3190 953 3281 deflexo,
1030 3196 1397 3268 substantia
1473 3197 1652 3268 tenui
1737 3195 2338 3296 ligneo-coriacea,
2421 3197 2639 3267 minus
2711 3193 2956 3294 rigida,
3033 3195 3221 3292 poris
3302 3190 3692 3275 linearibus,

650 3311 871 3409 primo
920 3315 1164 3400 acutiS,
1217 3312 1490 3387 demum
1541 3315 1952 3405 subobtusis.
2057 3311 2320 3387 Subtus
2369 3316 2436 3387 in
2488 3326 2721 3388 centro
2780 3313 3061 3386 adnatus
3111 3323 3181 3386 et
3228 3320 3526 3384 scutatus
3555 3319 3691 3394 est,

649 3427 777 3502 sed
827 3433 980 3528 pori
1030 3429 1326 3530 undique
1376 3459 1596 3531 usque
1637 3433 1723 3505 ad
1769 3434 1962 3507 basin
2015 3432 2467 3507 decurrentes.

640 3569 727 3645 T.
786 3569 1270 3674 (SCUTATAE)
1327 3598 1793 3663 mausus,
1846 3575 2041 3677 pileo
2116 3574 2805 3680 suberoso-lignoso
2857 3573 3057 3650 tenui
3124 3569 3398 3648 laterali
3466 3565 3688 3643 laevi-

647 3693 818 3790 gato
876 3715 919 3765 e
975 3691 1222 3794 griseo
1280 3690 1667 3781 albicante,
1737 3694 2018 3794 postice
2087 3692 2518 3795 stipitiformi
2589 3702 2935 3798 porrecto
3009 3691 3315 3792 basique
3372 3695 3687 3764 scutato-

648 3805 972 3895 dilatato‚
1066 3808 1271 3910 poris
1352 3811 1572 3886 curtis
1653 3836 1697 3886 e
1781 3812 2241 3889 subrotundo
2334 3812 2690 3918 elongatis
2779 3810 3321 3909 linearibusque
3406 3806 3688 3909 ligneo-

644 3923 946 4025 pallidis,

738 4043 868 4118 Ad
918 4054 1217 4118 truncos
1268 4043 1343 4118 in
1396 4044 1703 4121 Guinea.
1809 4048 2157 4146 Afzelius.

746 4188 820 4263 A
871 4193 1437 4290 praecedentibus
1492 4193 1670 4267 clare
1723 4194 2006 4270 diversa.
2125 4195 2360 4270 Pileus
2424 4195 2885 4281 horizontalis,
2934 4190 3306 4266 renisormis
3381 4188 3421 4261 l.
3484 4190 3684 4263 semi-

651 4310 1024 4399 circularis,
1083 4311 1348 4412 postice
1396 4314 1462 4385 in
1512 4313 1704 4386 basin
1759 4314 2248 4415 stipitisormem
2307 4315 2648 4388 lateralem
2714 4324 2784 4387 et
2845 4309 3447 4387 scutato-adnatam
3519 4333 3685 4407 por·-

647 4440 908 4515 rectus,
960 4431 1746 4530 suberoso-liguescens,
1811 4434 2027 4506 minus
2101 4447 2321 4507 tamen
2390 4460 2591 4532 quam
2643 4433 3005 4505 vicinarum
3084 4427 3370 4527 rigidus,
3445 4452 3684 4526 parum

648 4544 917 4633 flexilis,
984 4550 1233 4636 tenuis,
1303 4551 1615 4648 utrinque
1668 4548 2097 4649 applanatus,
2146 4560 2190 4624 2
2237 4577 2388 4624 unc.
2443 4551 2646 4637 latus,
2707 4548 3344 4649 laevigato-glaber,
3397 4570 3684 4630 azonus,

647 4663 767 4737 sed
791 4666 972 4738 circa
1003 4669 1369 4765 marginem
1423 4695 1557 4741 uno
1611 4669 1909 4743 alterove
1960 4671 2185 4758 sulco,
2236 4697 2474 4770 parum
2518 4670 2887 4769 depresso,
2937 4679 3236 4753 notatus,
3286 4665 3506 4763 junior
3546 4664 3678 4761 gri-

645 4808 803 4858 seus
852 4783 893 4855 l.
943 4783 1213 4872 fuscus,
1263 4800 1595 4861 vetustate
1643 4814 1809 4860 vero
1845 4787 2001 4886 plus
2050 4791 2266 4863 minus
2319 4789 2694 4864 albescens.
2798 4784 3191 4861 Substantia
3239 4796 3470 4869 tenax,
3517 4782 3685 4854 floc-

635 4926 831 4988 oosa,
885 4901 1056 4976 alba.
1156 4901 1324 4977 Pori
1377 4908 1573 4990 curti,
1634 4907 1945 4996 conserti,
2000 4909 2253 4995 obtusi,
2329 4906 2484 4982 dein
2560 4905 2851 5004 elongati
2913 4917 2983 4980 et
3046 4903 3378 4980 interdum
3428 4901 3682 5000 longis-

642 5020 822 5106 simi,
879 5032 1090 5093 trama
1147 5023 1493 5097 manifesta
1538 5023 1708 5097 alba.

637 5157 720 5232 T.
772 5160 1265 5264 (Sena-mn)
1323 5160 1914 5252 MAncmoch,
1998 5163 2194 5264 pileo
2259 5163 2624 5241 suberoso
2691 5163 3068 5240 reniformi
3122 5188 3308 5266 vage
3363 5186 3680 5238 concen-

649 5275 827 5353 trice
883 5277 1162 5355 sulcato
1215 5280 1942 5359 flocculoso-laevato
1991 5281 2290 5359 sordide
2340 5281 2544 5371 albo,
2599 5283 2881 5385 postice
2931 5281 3005 5357 in
3055 5279 3264 5357 basin
3312 5278 3677 5381 stipitifor·
