<?xml version="1.0" encoding="UTF-8"?>
<!DOCTYPE html PUBLIC "-//W3C//DTD XHTML 1.0 Transitional//EN"
    "http://www.w3.org/TR/xhtml1/DTD/xhtml1-transitional.dtd">
<html xmlns="http://www.w3.org/1999/xhtml" xml:lang="en" lang="en">
 <head>
  <title>
</title>
<meta http-equiv="Content-Type" content="text/html;charset=utf-8" />
  <meta name='ocr-system' content='tesseract 3.04.00' />
  <meta name='ocr-capabilities' content='ocr_page ocr_carea ocr_par ocr_line ocrx_word'/>
</head>
<body>
  <div class='ocr_page' id='page_1' title='image "./novaactaregiaes00uppsgoog_0304.png"; bbox 0 0 4984 6517; ppageno 0'>
   <div class='ocr_carea' id='block_1_1' title="bbox 1347 622 1529 706">
    <p class='ocr_par' dir='ltr' id='par_1_1' title="bbox 1347 622 1529 706">
     <span class='ocr_line' id='line_1_1' title="bbox 1347 622 1529 706; baseline 0.011 -1"><span class='ocrx_word' id='word_1_1' title='bbox 1347 622 1529 706; x_wconf 80' lang='lat'><strong>280</strong></span> 
     </span>
    </p>
   </div>
   <div class='ocr_carea' id='block_1_2' title="bbox 1237 825 4484 1046">
    <p class='ocr_par' dir='ltr' id='par_1_2' title="bbox 1237 825 4484 1046">
     <span class='ocr_line' id='line_1_2' title="bbox 1535 825 4479 929; baseline -0 -24"><span class='ocrx_word' id='word_1_2' title='bbox 1535 832 1720 905; x_wconf 88' lang='lat' dir='ltr'>Sunt</span> <span class='ocrx_word' id='word_1_3' title='bbox 1778 828 2119 916; x_wconf 84' lang='lat' dir='ltr'><strong>fortasse,</strong></span> <span class='ocrx_word' id='word_1_4' title='bbox 2188 829 2312 929; x_wconf 89' lang='lat' dir='ltr'><strong>qui</strong></span> <span class='ocrx_word' id='word_1_5' title='bbox 2358 835 2642 927; x_wconf 89' lang='lat' dir='ltr'><strong>putent,</strong></span> <span class='ocrx_word' id='word_1_6' title='bbox 2712 825 2880 902; x_wconf 90' lang='lat' dir='ltr'><strong>huic</strong></span> <span class='ocrx_word' id='word_1_7' title='bbox 2934 827 3304 903; x_wconf 85' lang='lat' dir='ltr'><strong>desiderio</strong></span> <span class='ocrx_word' id='word_1_8' title='bbox 3353 831 3510 925; x_wconf 90' lang='lat' dir='ltr'><strong>jam</strong></span> <span class='ocrx_word' id='word_1_9' title='bbox 3576 837 3742 903; x_wconf 91' lang='lat' dir='ltr'><strong>ante</strong></span> <span class='ocrx_word' id='word_1_10' title='bbox 3821 829 4124 904; x_wconf 89' lang='lat' dir='ltr'><strong>multum</strong></span> <span class='ocrx_word' id='word_1_11' title='bbox 4194 838 4479 929; x_wconf 88' lang='lat' dir='ltr'><strong>tempus</strong></span> 
     </span>
     <span class='ocr_line' id='line_1_3' title="bbox 1237 943 4484 1046; baseline -0.001 -24"><span class='ocrx_word' id='word_1_12' title='bbox 1237 972 1403 1022; x_wconf 86' lang='lat' dir='ltr'><strong>esse</strong></span> <span class='ocrx_word' id='word_1_13' title='bbox 1455 946 1930 1031; x_wconf 86' lang='lat' dir='ltr'><strong>satisfactum;</strong></span> <span class='ocrx_word' id='word_1_14' title='bbox 1984 944 2118 1019; x_wconf 92' lang='lat' dir='ltr'><strong>sed</strong></span> <span class='ocrx_word' id='word_1_15' title='bbox 2182 943 2387 1018; x_wconf 90' lang='lat' dir='ltr'><strong>aliter</strong></span> <span class='ocrx_word' id='word_1_16' title='bbox 2427 968 2584 1017; x_wconf 91' lang='lat' dir='ltr'><strong>rem</strong></span> <span class='ocrx_word' id='word_1_17' title='bbox 2639 968 2722 1018; x_wconf 91' lang='lat' dir='ltr'><strong>se</strong></span> <span class='ocrx_word' id='word_1_18' title='bbox 2773 943 3049 1020; x_wconf 90' lang='lat' dir='ltr'><strong>habere</strong></span> <span class='ocrx_word' id='word_1_19' title='bbox 3099 944 3174 1017; x_wconf 89' lang='lat' dir='ltr'><strong>in</strong></span> <span class='ocrx_word' id='word_1_20' title='bbox 3226 945 3649 1020; x_wconf 89' lang='lat' dir='ltr'><strong>notionibus</strong></span> <span class='ocrx_word' id='word_1_21' title='bbox 3694 947 4200 1046; x_wconf 88' lang='lat' dir='ltr'><strong>praesentibus</strong></span> <span class='ocrx_word' id='word_1_22' title='bbox 4253 945 4348 1020; x_wconf 89' lang='lat' dir='ltr'><strong>ad</strong></span> <span class='ocrx_word' id='word_1_23' title='bbox 4371 971 4484 1020; x_wconf 88' lang='lat' dir='ltr'><strong>re·</strong></span> 
     </span>
    </p>
   </div>
   <div class='ocr_carea' id='block_1_3' title="bbox 1232 1061 2642 1163">
    <p class='ocr_par' dir='ltr' id='par_1_3' title="bbox 1232 1061 2642 1163">
     <span class='ocr_line' id='line_1_4' title="bbox 1232 1061 2642 1163; baseline -0.004 -23"><span class='ocrx_word' id='word_1_24' title='bbox 1232 1090 1396 1140; x_wconf 91' lang='lat' dir='ltr'><strong>rum</strong></span> <span class='ocrx_word' id='word_1_25' title='bbox 1450 1073 1779 1140; x_wconf 90' lang='lat' dir='ltr'><strong>naturam</strong></span> <span class='ocrx_word' id='word_1_26' title='bbox 1831 1061 2278 1163; x_wconf 84' lang='lat' dir='ltr'>applicandis</span> <span class='ocrx_word' id='word_1_27' title='bbox 2325 1068 2642 1162; x_wconf 89' lang='lat' dir='ltr'><strong>apparet.</strong></span> 
     </span>
    </p>
   </div>
   <div class='ocr_carea' id='block_1_4' title="bbox 1232 1212 4485 1417">
    <p class='ocr_par' dir='ltr' id='par_1_4' title="bbox 1232 1212 4485 1417">
     <span class='ocr_line' id='line_1_5' title="bbox 1534 1212 4478 1316; baseline -0.001 -25"><span class='ocrx_word' id='word_1_28' title='bbox 1534 1219 1881 1292; x_wconf 86' lang='lat' dir='ltr'><strong>Putarunt</strong></span> <span class='ocrx_word' id='word_1_29' title='bbox 1958 1241 2023 1287; x_wconf 88' lang='grc' dir='ltr'><strong>ν.</strong></span> <span class='ocrx_word' id='word_1_30' title='bbox 2099 1239 2159 1287; x_wconf 91' lang='lat' dir='ltr'><strong>c.</strong></span> <span class='ocrx_word' id='word_1_31' title='bbox 2239 1238 2465 1314; x_wconf 83' lang='lat' dir='ltr'><strong>grana</strong></span> <span class='ocrx_word' id='word_1_32' title='bbox 2545 1212 2962 1312; x_wconf 84' lang='lat' dir='ltr'><strong>crystallina</strong></span> <span class='ocrx_word' id='word_1_33' title='bbox 3033 1216 3249 1309; x_wconf 80' lang='lat' dir='ltr'><strong>juxta</strong></span> <span class='ocrx_word' id='word_1_34' title='bbox 3302 1215 3538 1313; x_wconf 90' lang='lat' dir='ltr'><strong>posita</strong></span> <span class='ocrx_word' id='word_1_35' title='bbox 3586 1215 4023 1316; x_wconf 87' lang='lat' dir='ltr'><strong>Feldspathi,</strong></span> <span class='ocrx_word' id='word_1_36' title='bbox 4082 1214 4357 1307; x_wconf 86' lang='lat' dir='ltr'><strong>Quarzi</strong></span> <span class='ocrx_word' id='word_1_37' title='bbox 4407 1225 4478 1288; x_wconf 90' lang='lat' dir='ltr'><strong>et</strong></span> 
     </span>
     <span class='ocr_line' id='line_1_6' title="bbox 1232 1315 4485 1417; baseline -0.001 -24"><span class='ocrx_word' id='word_1_38' title='bbox 1232 1317 1468 1393; x_wconf 89' lang='lat' dir='ltr'><strong>Micae</strong></span> <span class='ocrx_word' id='word_1_39' title='bbox 1527 1318 1851 1417; x_wconf 90' lang='lat' dir='ltr'><strong>speciem</strong></span> <span class='ocrx_word' id='word_1_40' title='bbox 1904 1315 2379 1399; x_wconf 87' lang='lat' dir='ltr'><strong>constituere,</strong></span> <span class='ocrx_word' id='word_1_41' title='bbox 2432 1340 2648 1415; x_wconf 90' lang='lat' dir='ltr'><strong>quam</strong></span> <span class='ocrx_word' id='word_1_42' title='bbox 2709 1339 3060 1388; x_wconf 87' lang='lat' dir='ltr'><strong>vocamus</strong></span> <span class='ocrx_word' id='word_1_43' title='bbox 3115 1315 3498 1400; x_wconf 89' lang='lat' dir='ltr'><strong>Graniten;</strong></span> <span class='ocrx_word' id='word_1_44' title='bbox 3552 1317 3687 1390; x_wconf 88' lang='lat' dir='ltr'><strong>sed</strong></span> <span class='ocrx_word' id='word_1_45' title='bbox 3712 1327 3973 1391; x_wconf 80' lang='lat' dir='ltr'><strong>suntne</strong></span> <span class='ocrx_word' id='word_1_46' title='bbox 4004 1316 4186 1391; x_wconf 87' lang='lat' dir='ltr'><strong>haec</strong></span> <span class='ocrx_word' id='word_1_47' title='bbox 4218 1315 4485 1390; x_wconf 83' lang='lat' dir='ltr'><strong>fossilia</strong></span> 
     </span>
    </p>
   </div>
   <div class='ocr_carea' id='block_1_5' title="bbox 1164 1431 4481 5299">
    <p class='ocr_par' dir='ltr' id='par_1_5' title="bbox 1164 1431 4481 5299">
     <span class='ocr_line' id='line_1_7' title="bbox 1226 1431 4481 1535; baseline -0.001 -26"><span class='ocrx_word' id='word_1_48' title='bbox 1226 1435 1663 1535; x_wconf 89' lang='lat' dir='ltr'><strong>Feldspathi,</strong></span> <span class='ocrx_word' id='word_1_49' title='bbox 1720 1433 1993 1526; x_wconf 86' lang='lat' dir='ltr'><strong>Quarzi</strong></span> <span class='ocrx_word' id='word_1_50' title='bbox 2045 1441 2116 1506; x_wconf 89' lang='lat' dir='ltr'><strong>et</strong></span> <span class='ocrx_word' id='word_1_51' title='bbox 2167 1432 2403 1505; x_wconf 89' lang='lat' dir='ltr'><strong>Micae</strong></span> <span class='ocrx_word' id='word_1_52' title='bbox 2458 1456 2756 1532; x_wconf 82' lang='lat' dir='ltr'><strong>semper</strong></span> <span class='ocrx_word' id='word_1_53' title='bbox 2805 1431 3142 1530; x_wconf 88' lang='lat' dir='ltr'><strong>ejusdem</strong></span> <span class='ocrx_word' id='word_1_54' title='bbox 3177 1432 3743 1530; x_wconf 73' lang='lat' dir='ltr'><strong>mineralogicae</strong></span> <span class='ocrx_word' id='word_1_55' title='bbox 3768 1436 4086 1533; x_wconf 88' lang='lat' dir='ltr'><strong>speciei?</strong></span> <span class='ocrx_word' id='word_1_56' title='bbox 4117 1436 4200 1508; x_wconf 88' lang='lat' dir='ltr'><strong>ln</strong></span> <span class='ocrx_word' id='word_1_57' title='bbox 4235 1444 4481 1508; x_wconf 87' lang='lat' dir='ltr'><strong>natura</strong></span> 
     </span>
     <span class='ocr_line' id='line_1_8' title="bbox 1226 1548 4475 1650; baseline -0.002 -22"><span class='ocrx_word' id='word_1_58' title='bbox 1226 1556 1563 1628; x_wconf 89' lang='lat' dir='ltr'><strong>Granitas</strong></span> <span class='ocrx_word' id='word_1_59' title='bbox 1618 1551 2026 1626; x_wconf 86' lang='lat' dir='ltr'><strong>invenimus</strong></span> <span class='ocrx_word' id='word_1_60' title='bbox 2078 1550 2327 1623; x_wconf 87' lang='lat' dir='ltr'><strong>aetatis</strong></span> <span class='ocrx_word' id='word_1_61' title='bbox 2382 1548 2734 1635; x_wconf 85' lang='lat' dir='ltr'><strong>diversae,</strong></span> <span class='ocrx_word' id='word_1_62' title='bbox 2791 1550 2914 1650; x_wconf 92' lang='lat' dir='ltr'><strong>qui</strong></span> <span class='ocrx_word' id='word_1_63' title='bbox 2968 1549 3417 1623; x_wconf 86' lang='lat' dir='ltr'><strong>diversarum</strong></span> <span class='ocrx_word' id='word_1_64' title='bbox 3471 1549 3983 1625; x_wconf 83' lang='lat' dir='ltr'><strong>formationum</strong></span> <span class='ocrx_word' id='word_1_65' title='bbox 4040 1552 4180 1626; x_wconf 90' lang='lat' dir='ltr'><strong>sint</strong></span> <span class='ocrx_word' id='word_1_66' title='bbox 4218 1559 4475 1649; x_wconf 82' lang='lat' dir='ltr'><strong>partes,</strong></span> 
     </span>
     <span class='ocr_line' id='line_1_9' title="bbox 1229 1665 4479 1766; baseline -0.001 -20"><span class='ocrx_word' id='word_1_67' title='bbox 1229 1672 1509 1746; x_wconf 88' lang='lat' dir='ltr'><strong>Suntne</strong></span> <span class='ocrx_word' id='word_1_68' title='bbox 1576 1671 1647 1745; x_wconf 90' lang='lat' dir='ltr'><strong>hi</strong></span> <span class='ocrx_word' id='word_1_69' title='bbox 1701 1694 1961 1743; x_wconf 90' lang='lat' dir='ltr'><strong>omnes</strong></span> <span class='ocrx_word' id='word_1_70' title='bbox 2012 1669 2200 1742; x_wconf 90' lang='lat' dir='ltr'><strong>inter</strong></span> <span class='ocrx_word' id='word_1_71' title='bbox 2250 1692 2333 1741; x_wconf 91' lang='lat' dir='ltr'><strong>se</strong></span> <span class='ocrx_word' id='word_1_72' title='bbox 2374 1692 2677 1766; x_wconf 89' lang='lat' dir='ltr'><strong>prorsus</strong></span> <span class='ocrx_word' id='word_1_73' title='bbox 2742 1667 3012 1741; x_wconf 82' lang='lat' dir='ltr'><strong>similes</strong></span> <span class='ocrx_word' id='word_1_74' title='bbox 3066 1692 3155 1740; x_wconf 90' lang='lat' dir='ltr'><strong>an</strong></span> <span class='ocrx_word' id='word_1_75' title='bbox 3219 1667 3545 1742; x_wconf 90' lang='lat' dir='ltr'><strong>diversas</strong></span> <span class='ocrx_word' id='word_1_76' title='bbox 3597 1665 3952 1742; x_wconf 84' lang='lat' dir='ltr'><strong>exhibent</strong></span> <span class='ocrx_word' id='word_1_77' title='bbox 4020 1678 4260 1753; x_wconf 80' lang='lat' dir='ltr'><strong>notaS,</strong></span> <span class='ocrx_word' id='word_1_78' title='bbox 4317 1667 4479 1742; x_wconf 90' lang='lat' dir='ltr'><strong>licet</strong></span> 
     </span>
     <span class='ocr_line' id='line_1_10' title="bbox 1234 1784 4476 1885; baseline -0.001 -22"><span class='ocrx_word' id='word_1_79' title='bbox 1234 1814 1493 1863; x_wconf 91' lang='lat' dir='ltr'><strong>omnes</strong></span> <span class='ocrx_word' id='word_1_80' title='bbox 1573 1787 1811 1861; x_wconf 90' lang='lat' dir='ltr'><strong>adhuc</strong></span> <span class='ocrx_word' id='word_1_81' title='bbox 1863 1796 2133 1860; x_wconf 89' lang='lat' dir='ltr'><strong>tantum</strong></span> <span class='ocrx_word' id='word_1_82' title='bbox 2192 1784 2536 1859; x_wconf 88' lang='lat' dir='ltr'><strong>Grauitae</strong></span> <span class='ocrx_word' id='word_1_83' title='bbox 2593 1788 2992 1858; x_wconf 85' lang='lat' dir='ltr'><strong>vocentur?</strong></span> <span class='ocrx_word' id='word_1_84' title='bbox 3081 1786 3461 1877; x_wconf 82' lang='lat' dir='ltr'><strong>Quaedam</strong></span> <span class='ocrx_word' id='word_1_85' title='bbox 3527 1786 3814 1885; x_wconf 88' lang='lat' dir='ltr'><strong>species</strong></span> <span class='ocrx_word' id='word_1_86' title='bbox 3882 1811 4061 1859; x_wconf 86' lang='lat' dir='ltr'><strong>saxa</strong></span> <span class='ocrx_word' id='word_1_87' title='bbox 4125 1811 4476 1859; x_wconf 86' lang='lat' dir='ltr'><strong>arenacea</strong></span> 
     </span>
     <span class='ocr_line' id='line_1_11' title="bbox 1225 1901 4473 2006; baseline -0.001 -26"><span class='ocrx_word' id='word_1_88' title='bbox 1225 1905 1695 2006; x_wconf 87' lang='lat' dir='ltr'><strong>appellantur,</strong></span> <span class='ocrx_word' id='word_1_89' title='bbox 1752 1903 1924 1977; x_wconf 91' lang='lat' dir='ltr'><strong>dum</strong></span> <span class='ocrx_word' id='word_1_90' title='bbox 1957 1901 2184 1976; x_wconf 92' lang='lat' dir='ltr'><strong>modo</strong></span> <span class='ocrx_word' id='word_1_91' title='bbox 2235 1902 2375 1976; x_wconf 89' lang='lat' dir='ltr'><strong>sint</strong></span> <span class='ocrx_word' id='word_1_92' title='bbox 2426 1927 2468 1975; x_wconf 92' lang='lat' dir='ltr'><strong>e</strong></span> <span class='ocrx_word' id='word_1_93' title='bbox 2520 1903 2763 2002; x_wconf 83' lang='lat' dir='ltr'><strong>granis</strong></span> <span class='ocrx_word' id='word_1_94' title='bbox 2811 1902 3250 1977; x_wconf 90' lang='lat' dir='ltr'><strong>minerarum</strong></span> <span class='ocrx_word' id='word_1_95' title='bbox 3308 1907 3767 2001; x_wconf 89' lang='lat' dir='ltr'><strong>conjunctae,</strong></span> <span class='ocrx_word' id='word_1_96' title='bbox 3822 1902 3956 1977; x_wconf 91' lang='lat' dir='ltr'><strong>sed</strong></span> <span class='ocrx_word' id='word_1_97' title='bbox 4010 1903 4291 1977; x_wconf 88' lang='lat' dir='ltr'><strong>etiamsi</strong></span> <span class='ocrx_word' id='word_1_98' title='bbox 4316 1902 4473 1977; x_wconf 91' lang='lat' dir='ltr'><strong>illae</strong></span> 
     </span>
     <span class='ocr_line' id='line_1_12' title="bbox 1223 2019 4465 2121; baseline -0.001 -24"><span class='ocrx_word' id='word_1_99' title='bbox 1223 2049 1265 2097; x_wconf 91' lang='lat' dir='ltr'><strong>e</strong></span> <span class='ocrx_word' id='word_1_100' title='bbox 1334 2025 1632 2114; x_wconf 84' lang='lat' dir='ltr'><strong>Quarzo</strong></span> <span class='ocrx_word' id='word_1_101' title='bbox 1687 2020 1803 2095; x_wconf 93' lang='lat' dir='ltr'><strong>vel</strong></span> <span class='ocrx_word' id='word_1_102' title='bbox 1869 2019 2007 2094; x_wconf 91' lang='lat' dir='ltr'><strong>alia</strong></span> <span class='ocrx_word' id='word_1_103' title='bbox 2056 2019 2331 2092; x_wconf 89' lang='lat' dir='ltr'><strong>minera</strong></span> <span class='ocrx_word' id='word_1_104' title='bbox 2395 2028 2755 2106; x_wconf 84' lang='lat' dir='ltr'><strong>constant,</strong></span> <span class='ocrx_word' id='word_1_105' title='bbox 2843 2029 3082 2094; x_wconf 88' lang='lat' dir='ltr'><strong>tamen</strong></span> <span class='ocrx_word' id='word_1_106' title='bbox 3147 2046 3329 2094; x_wconf 86' lang='lat' dir='ltr'><strong>saxa</strong></span> <span class='ocrx_word' id='word_1_107' title='bbox 3378 2045 3736 2095; x_wconf 88' lang='lat' dir='ltr'><strong>areuacea</strong></span> <span class='ocrx_word' id='word_1_108' title='bbox 3788 2045 4232 2121; x_wconf 89' lang='lat' dir='ltr'><strong>quocunque</strong></span> <span class='ocrx_word' id='word_1_109' title='bbox 4299 2045 4465 2094; x_wconf 89' lang='lat' dir='ltr'><strong>casu</strong></span> 
     </span>
     <span class='ocr_line' id='line_1_13' title="bbox 1214 2137 4467 2239; baseline -0.001 -25"><span class='ocrx_word' id='word_1_110' title='bbox 1214 2149 1600 2225; x_wconf 87' lang='lat' dir='ltr'><strong>vocantur,</strong></span> <span class='ocrx_word' id='word_1_111' title='bbox 1653 2140 1895 2238; x_wconf 89' lang='lat' dir='ltr'><strong>itaque</strong></span> <span class='ocrx_word' id='word_1_112' title='bbox 1951 2162 2221 2211; x_wconf 90' lang='lat' dir='ltr'><strong>nomen</strong></span> <span class='ocrx_word' id='word_1_113' title='bbox 2277 2147 2387 2211; x_wconf 88' lang='lat' dir='ltr'><strong>est</strong></span> <span class='ocrx_word' id='word_1_114' title='bbox 2436 2161 2736 2236; x_wconf 74' lang='lat' dir='ltr'><strong>vagum3</strong></span> <span class='ocrx_word' id='word_1_115' title='bbox 2792 2146 2882 2226; x_wconf 91' lang='lat' dir='ltr'><strong>et,</strong></span> <span class='ocrx_word' id='word_1_116' title='bbox 2927 2139 3095 2237; x_wconf 89' lang='lat' dir='ltr'><strong>quia</strong></span> <span class='ocrx_word' id='word_1_117' title='bbox 3153 2164 3258 2222; x_wconf 89' lang='lat' dir='ltr'><strong>ea,</strong></span> <span class='ocrx_word' id='word_1_118' title='bbox 3315 2163 3503 2239; x_wconf 89' lang='lat' dir='ltr'><strong>quae</strong></span> <span class='ocrx_word' id='word_1_119' title='bbox 3531 2137 3669 2211; x_wconf 87' lang='lat' dir='ltr'><strong>sub</strong></span> <span class='ocrx_word' id='word_1_120' title='bbox 3699 2137 3842 2211; x_wconf 93' lang='lat' dir='ltr'><strong>hoc</strong></span> <span class='ocrx_word' id='word_1_121' title='bbox 3880 2139 4176 2212; x_wconf 91' lang='lat' dir='ltr'><strong>nomine</strong></span> <span class='ocrx_word' id='word_1_122' title='bbox 4206 2163 4467 2213; x_wconf 87' lang='lat' dir='ltr'><strong>occur-</strong></span> 
     </span>
     <span class='ocr_line' id='line_1_14' title="bbox 1221 2254 4462 2341; baseline -0.001 -9"><span class='ocrx_word' id='word_1_123' title='bbox 1221 2265 1405 2341; x_wconf 91' lang='lat' dir='ltr'><strong>runt,</strong></span> <span class='ocrx_word' id='word_1_124' title='bbox 1459 2264 1627 2331; x_wconf 87' lang='lat' dir='ltr'><strong>sunt</strong></span> <span class='ocrx_word' id='word_1_125' title='bbox 1672 2257 1861 2330; x_wconf 88' lang='lat' dir='ltr'><strong>inter</strong></span> <span class='ocrx_word' id='word_1_126' title='bbox 1913 2280 1995 2327; x_wconf 91' lang='lat' dir='ltr'><strong>se</strong></span> <span class='ocrx_word' id='word_1_127' title='bbox 2048 2255 2334 2328; x_wconf 88' lang='lat' dir='ltr'><strong>diversa</strong></span> <span class='ocrx_word' id='word_1_128' title='bbox 2387 2264 2458 2329; x_wconf 88' lang='lat' dir='ltr'><strong>et</strong></span> <span class='ocrx_word' id='word_1_129' title='bbox 2501 2254 2796 2328; x_wconf 87' lang='lat' dir='ltr'><strong>diverso</strong></span> <span class='ocrx_word' id='word_1_130' title='bbox 2846 2256 3072 2329; x_wconf 92' lang='lat' dir='ltr'><strong>modo</strong></span> <span class='ocrx_word' id='word_1_131' title='bbox 3129 2264 3303 2341; x_wconf 89' lang='lat' dir='ltr'><strong>orta,</strong></span> <span class='ocrx_word' id='word_1_132' title='bbox 3355 2257 3761 2330; x_wconf 86' lang='lat' dir='ltr'><strong>accuratius</strong></span> <span class='ocrx_word' id='word_1_133' title='bbox 3813 2256 4230 2330; x_wconf 75' lang='lat' dir='ltr'><strong>definienda</strong></span> <span class='ocrx_word' id='word_1_134' title='bbox 4285 2266 4462 2330; x_wconf 89' lang='lat' dir='ltr'><strong>sunt.</strong></span> 
     </span>
     <span class='ocr_line' id='line_1_15' title="bbox 1219 2372 4468 2473; baseline -0 -26"><span class='ocrx_word' id='word_1_135' title='bbox 1219 2374 1598 2467; x_wconf 83' lang='lat' dir='ltr'><strong>Quaedam</strong></span> <span class='ocrx_word' id='word_1_136' title='bbox 1654 2398 1835 2447; x_wconf 81' lang='lat' dir='ltr'><strong>saxa</strong></span> <span class='ocrx_word' id='word_1_137' title='bbox 1887 2396 2244 2445; x_wconf 88' lang='lat' dir='ltr'><strong>arenacea</strong></span> <span class='ocrx_word' id='word_1_138' title='bbox 2297 2397 2416 2445; x_wconf 83' lang='lat' dir='ltr'><strong>ex.</strong></span> <span class='ocrx_word' id='word_1_139' title='bbox 2464 2397 2569 2472; x_wconf 82' lang='lat' dir='ltr'><strong>gr.</strong></span> <span class='ocrx_word' id='word_1_140' title='bbox 2605 2372 2964 2472; x_wconf 88' lang='lat' dir='ltr'><strong>antiquius</strong></span> <span class='ocrx_word' id='word_1_141' title='bbox 3007 2385 3078 2446; x_wconf 88' lang='lat' dir='ltr'><strong>et</strong></span> <span class='ocrx_word' id='word_1_142' title='bbox 3102 2398 3365 2447; x_wconf 85' lang='lat' dir='ltr'><strong>recens</strong></span> <span class='ocrx_word' id='word_1_143' title='bbox 3392 2372 3714 2458; x_wconf 88' lang='lat' dir='ltr'><strong>rubrum,</strong></span> <span class='ocrx_word' id='word_1_144' title='bbox 3763 2373 3961 2473; x_wconf 91' lang='lat' dir='ltr'><strong>quod</strong></span> <span class='ocrx_word' id='word_1_145' title='bbox 3993 2373 4468 2459; x_wconf 86' lang='lat' dir='ltr'><strong>dicitur‚sunt</strong></span> 
     </span>
     <span class='ocr_line' id='line_1_16' title="bbox 1213 2488 4460 2592; baseline -0 -27"><span class='ocrx_word' id='word_1_146' title='bbox 1213 2518 1296 2566; x_wconf 92' lang='lat' dir='ltr'><strong>re</strong></span> <span class='ocrx_word' id='word_1_147' title='bbox 1348 2516 1521 2564; x_wconf 87' lang='lat' dir='ltr'><strong>vera</strong></span> <span class='ocrx_word' id='word_1_148' title='bbox 1578 2490 1883 2565; x_wconf 83' lang='lat' dir='ltr'><strong>formata</strong></span> <span class='ocrx_word' id='word_1_149' title='bbox 1937 2514 1980 2562; x_wconf 92' lang='lat' dir='ltr'><strong>e</strong></span> <span class='ocrx_word' id='word_1_150' title='bbox 2034 2488 2363 2588; x_wconf 89' lang='lat' dir='ltr'><strong>pluribus</strong></span> <span class='ocrx_word' id='word_1_151' title='bbox 2415 2488 2795 2588; x_wconf 77' lang='lat' dir='ltr'><strong>orologice</strong></span> <span class='ocrx_word' id='word_1_152' title='bbox 2849 2490 3156 2564; x_wconf 87' lang='lat' dir='ltr'><strong>diversis</strong></span> <span class='ocrx_word' id='word_1_153' title='bbox 3205 2492 3615 2590; x_wconf 82' lang='lat' dir='ltr'><strong>speciebuS,</strong></span> <span class='ocrx_word' id='word_1_154' title='bbox 3666 2516 4104 2592; x_wconf 90' lang='lat' dir='ltr'><strong>quamquam</strong></span> <span class='ocrx_word' id='word_1_155' title='bbox 4154 2499 4265 2564; x_wconf 85' lang='lat' dir='ltr'><strong>est</strong></span> <span class='ocrx_word' id='word_1_156' title='bbox 4312 2501 4460 2564; x_wconf 85' lang='lat' dir='ltr'><strong>ten-</strong></span> 
     </span>
     <span class='ocr_line' id='line_1_17' title="bbox 1213 2604 4456 2709; baseline 0 -25"><span class='ocrx_word' id='word_1_157' title='bbox 1213 2619 1433 2684; x_wconf 90' lang='lat' dir='ltr'><strong>tatum</strong></span> <span class='ocrx_word' id='word_1_158' title='bbox 1492 2608 1751 2682; x_wconf 89' lang='lat' dir='ltr'><strong>iisdem</strong></span> <span class='ocrx_word' id='word_1_159' title='bbox 1806 2607 1996 2680; x_wconf 89' lang='lat' dir='ltr'><strong>notis</strong></span> <span class='ocrx_word' id='word_1_160' title='bbox 2051 2631 2138 2679; x_wconf 92' lang='lat' dir='ltr'><strong>ea</strong></span> <span class='ocrx_word' id='word_1_161' title='bbox 2205 2604 2870 2704; x_wconf 86' lang='lat' dir='ltr'><strong>comprehendere,</strong></span> <span class='ocrx_word' id='word_1_162' title='bbox 2930 2633 3157 2707; x_wconf 87' lang='lat' dir='ltr'><strong>qnare</strong></span> <span class='ocrx_word' id='word_1_163' title='bbox 3203 2608 3594 2709; x_wconf 87' lang='lat' dir='ltr'><strong>descriptio</strong></span> <span class='ocrx_word' id='word_1_164' title='bbox 3647 2608 4145 2684; x_wconf 85' lang='lat' dir='ltr'><strong>characterum</strong></span> <span class='ocrx_word' id='word_1_165' title='bbox 4202 2637 4456 2685; x_wconf 87' lang='lat' dir='ltr'><strong>eorum</strong></span> 
     </span>
     <span class='ocr_line' id='line_1_18' title="bbox 1211 2722 4461 2827; baseline 0.001 -26"><span class='ocrx_word' id='word_1_166' title='bbox 1211 2727 1507 2820; x_wconf 70' lang='lat' dir='ltr'><strong>intelligi</strong></span> <span class='ocrx_word' id='word_1_167' title='bbox 1576 2752 1721 2799; x_wconf 88' lang='lat' dir='ltr'><strong>non</strong></span> <span class='ocrx_word' id='word_1_168' title='bbox 1766 2734 2022 2824; x_wconf 90' lang='lat' dir='ltr'><strong>potest.</strong></span> <span class='ocrx_word' id='word_1_169' title='bbox 2082 2724 2361 2797; x_wconf 88' lang='lat' dir='ltr'><strong>Eadem</strong></span> <span class='ocrx_word' id='word_1_170' title='bbox 2420 2722 2575 2797; x_wconf 88' lang='lat' dir='ltr'><strong>fere</strong></span> <span class='ocrx_word' id='word_1_171' title='bbox 2625 2734 2735 2798; x_wconf 92' lang='lat' dir='ltr'><strong>est</strong></span> <span class='ocrx_word' id='word_1_172' title='bbox 2787 2726 2968 2799; x_wconf 91' lang='lat' dir='ltr'><strong>ratio</strong></span> <span class='ocrx_word' id='word_1_173' title='bbox 3025 2727 3403 2824; x_wconf 85' lang='lat' dir='ltr'><strong>Syenitae,</strong></span> <span class='ocrx_word' id='word_1_174' title='bbox 3466 2752 3684 2827; x_wconf 90' lang='lat' dir='ltr'><strong>quem</strong></span> <span class='ocrx_word' id='word_1_175' title='bbox 3739 2727 3978 2800; x_wconf 86' lang='lat' dir='ltr'><strong>ferunt</strong></span> <span class='ocrx_word' id='word_1_176' title='bbox 4030 2742 4370 2803; x_wconf 87' lang='lat' dir='ltr'><strong>constare</strong></span> <span class='ocrx_word' id='word_1_177' title='bbox 4418 2757 4461 2804; x_wconf 95' lang='lat' dir='ltr'><strong>e</strong></span> 
     </span>
     <span class='ocr_line' id='line_1_19' title="bbox 1213 2840 4454 2948; baseline 0.001 -30"><span class='ocrx_word' id='word_1_178' title='bbox 1213 2844 1570 2943; x_wconf 85' lang='lat' dir='ltr'><strong>crystallis</strong></span> <span class='ocrx_word' id='word_1_179' title='bbox 1623 2842 2075 2944; x_wconf 73' lang='lat' dir='ltr'><strong>agglutinatis</strong></span> <span class='ocrx_word' id='word_1_180' title='bbox 2120 2840 2560 2941; x_wconf 83' lang='lat' dir='ltr'><strong>Feldspathi,</strong></span> <span class='ocrx_word' id='word_1_181' title='bbox 2619 2843 2892 2935; x_wconf 84' lang='lat' dir='ltr'><strong>Quarzi</strong></span> <span class='ocrx_word' id='word_1_182' title='bbox 2946 2855 3017 2917; x_wconf 88' lang='lat' dir='ltr'><strong>et</strong></span> <span class='ocrx_word' id='word_1_183' title='bbox 3073 2844 3514 2943; x_wconf 84' lang='lat' dir='ltr'><strong>Amphiboli,</strong></span> <span class='ocrx_word' id='word_1_184' title='bbox 3566 2845 3699 2919; x_wconf 86' lang='lat' dir='ltr'><strong>sed</strong></span> <span class='ocrx_word' id='word_1_185' title='bbox 3725 2844 4084 2944; x_wconf 86' lang='lat' dir='ltr'><strong>quaedam</strong></span> <span class='ocrx_word' id='word_1_186' title='bbox 4120 2847 4454 2948; x_wconf 74' lang='lat' dir='ltr'><strong>Syenitae</strong></span> 
     </span>
     <span class='ocr_line' id='line_1_20' title="bbox 1209 2958 4448 3061; baseline 0.002 -26"><span class='ocrx_word' id='word_1_187' title='bbox 1209 2962 1497 3061; x_wconf 88' lang='lat' dir='ltr'><strong>species</strong></span> <span class='ocrx_word' id='word_1_188' title='bbox 1542 2969 1872 3034; x_wconf 89' lang='lat' dir='ltr'><strong>constant</strong></span> <span class='ocrx_word' id='word_1_189' title='bbox 1917 2984 2018 3034; x_wconf 86' lang='lat' dir='ltr'><strong>ex</strong></span> <span class='ocrx_word' id='word_1_190' title='bbox 2073 2958 2508 3033; x_wconf 88' lang='lat' dir='ltr'><strong>Orthoclase</strong></span> <span class='ocrx_word' id='word_1_191' title='bbox 2563 2971 2634 3034; x_wconf 90' lang='lat' dir='ltr'><strong>et</strong></span> <span class='ocrx_word' id='word_1_192' title='bbox 2688 2959 3126 3061; x_wconf 83' lang='lat' dir='ltr'><strong>Oligoclase,</strong></span> <span class='ocrx_word' id='word_1_193' title='bbox 3164 2962 3336 3036; x_wconf 90' lang='lat' dir='ltr'><strong>dum</strong></span> <span class='ocrx_word' id='word_1_194' title='bbox 3363 2960 3544 3037; x_wconf 92' lang='lat' dir='ltr'><strong>aliae</strong></span> <span class='ocrx_word' id='word_1_195' title='bbox 3579 2987 3622 3035; x_wconf 92' lang='lat' dir='ltr'><strong>e</strong></span> <span class='ocrx_word' id='word_1_196' title='bbox 3651 2962 4075 3038; x_wconf 90' lang='lat' dir='ltr'><strong>Labradore</strong></span> <span class='ocrx_word' id='word_1_197' title='bbox 4104 2975 4448 3051; x_wconf 86' lang='lat' dir='ltr'><strong>constant,</strong></span> 
     </span>
     <span class='ocr_line' id='line_1_21' title="bbox 1207 3076 4451 3181; baseline 0.002 -30"><span class='ocrx_word' id='word_1_198' title='bbox 1207 3104 1370 3179; x_wconf 80' lang='lat' dir='ltr'><strong>quae</strong></span> <span class='ocrx_word' id='word_1_199' title='bbox 1447 3078 1688 3151; x_wconf 89' lang='lat' dir='ltr'><strong>omnia</strong></span> <span class='ocrx_word' id='word_1_200' title='bbox 1754 3076 2118 3150; x_wconf 89' lang='lat' dir='ltr'><strong>vocabulo</strong></span> <span class='ocrx_word' id='word_1_201' title='bbox 2182 3076 2602 3177; x_wconf 84' lang='lat' dir='ltr'><strong>Feldspathi</strong></span> <span class='ocrx_word' id='word_1_202' title='bbox 2669 3077 3408 3177; x_wconf 89' lang='lat' dir='ltr'><strong>comprehenduntur.</strong></span> <span class='ocrx_word' id='word_1_203' title='bbox 3515 3081 3683 3153; x_wconf 91' lang='lat' dir='ltr'><strong>Hoc</strong></span> <span class='ocrx_word' id='word_1_204' title='bbox 3732 3082 3805 3155; x_wconf 92' lang='lat' dir='ltr'><strong>in</strong></span> <span class='ocrx_word' id='word_1_205' title='bbox 3855 3082 4082 3154; x_wconf 92' lang='lat' dir='ltr'><strong>multo</strong></span> <span class='ocrx_word' id='word_1_206' title='bbox 4129 3083 4451 3181; x_wconf 88' lang='lat' dir='ltr'><strong>pluribus</strong></span> 
     </span>
     <span class='ocr_line' id='line_1_22' title="bbox 1202 3193 4454 3299; baseline 0.002 -29"><span class='ocrx_word' id='word_1_207' title='bbox 1202 3195 1593 3295; x_wconf 83' lang='lat' dir='ltr'><strong>speciebus</strong></span> <span class='ocrx_word' id='word_1_208' title='bbox 1652 3193 2047 3268; x_wconf 89' lang='lat' dir='ltr'><strong>ostendere</strong></span> <span class='ocrx_word' id='word_1_209' title='bbox 2100 3220 2525 3293; x_wconf 82' lang='lat' dir='ltr'><strong>possumuS,</strong></span> <span class='ocrx_word' id='word_1_210' title='bbox 2574 3195 2708 3269; x_wconf 89' lang='lat' dir='ltr'><strong>sed</strong></span> <span class='ocrx_word' id='word_1_211' title='bbox 2764 3197 2932 3297; x_wconf 89' lang='lat' dir='ltr'><strong>quia</strong></span> <span class='ocrx_word' id='word_1_212' title='bbox 2982 3196 3164 3270; x_wconf 92' lang='lat' dir='ltr'><strong>haec</strong></span> <span class='ocrx_word' id='word_1_213' title='bbox 3219 3223 3339 3271; x_wconf 88' lang='lat' dir='ltr'><strong>res</strong></span> <span class='ocrx_word' id='word_1_214' title='bbox 3394 3196 3575 3272; x_wconf 88' lang='lat' dir='ltr'><strong>infra</strong></span> <span class='ocrx_word' id='word_1_215' title='bbox 3627 3224 3762 3297; x_wconf 89' lang='lat' dir='ltr'><strong>per</strong></span> <span class='ocrx_word' id='word_1_216' title='bbox 3813 3224 3895 3272; x_wconf 92' lang='lat' dir='ltr'><strong>se</strong></span> <span class='ocrx_word' id='word_1_217' title='bbox 3945 3200 4234 3299; x_wconf 89' lang='lat' dir='ltr'><strong>patebit,</strong></span> <span class='ocrx_word' id='word_1_218' title='bbox 4289 3204 4454 3276; x_wconf 88' lang='lat' dir='ltr'><strong>satis</strong></span> 
     </span>
     <span class='ocr_line' id='line_1_23' title="bbox 1196 3312 4446 3420; baseline 0.002 -33"><span class='ocrx_word' id='word_1_219' title='bbox 1196 3317 1349 3412; x_wconf 90' lang='lat' dir='ltr'><strong>jam</strong></span> <span class='ocrx_word' id='word_1_220' title='bbox 1428 3313 1717 3386; x_wconf 90' lang='lat' dir='ltr'><strong>videtur</strong></span> <span class='ocrx_word' id='word_1_221' title='bbox 1783 3312 2086 3398; x_wconf 91' lang='lat' dir='ltr'><strong>dictum,</strong></span> <span class='ocrx_word' id='word_1_222' title='bbox 2170 3322 2245 3387; x_wconf 92' lang='lat' dir='ltr'><strong>ut</strong></span> <span class='ocrx_word' id='word_1_223' title='bbox 2301 3312 2703 3412; x_wconf 90' lang='lat' dir='ltr'><strong>probemus</strong></span> <span class='ocrx_word' id='word_1_224' title='bbox 2765 3315 3252 3389; x_wconf 88' lang='lat' dir='ltr'><strong>necessariam</strong></span> <span class='ocrx_word' id='word_1_225' title='bbox 3320 3340 3485 3389; x_wconf 89' lang='lat' dir='ltr'><strong>esse</strong></span> <span class='ocrx_word' id='word_1_226' title='bbox 3540 3318 4151 3418; x_wconf 85' lang='lat' dir='ltr'><strong>recognitionem,</strong></span> <span class='ocrx_word' id='word_1_227' title='bbox 4237 3344 4446 3420; x_wconf 91' lang='lat' dir='ltr'><strong>quam</strong></span> 
     </span>
     <span class='ocr_line' id='line_1_24' title="bbox 1200 3429 4444 3541; baseline 0.002 -37"><span class='ocrx_word' id='word_1_228' title='bbox 1200 3455 1419 3531; x_wconf 87' lang='lat' dir='ltr'><strong>supra</strong></span> <span class='ocrx_word' id='word_1_229' title='bbox 1498 3429 2084 3504; x_wconf 86' lang='lat' dir='ltr'><strong>memoravimus.</strong></span> <span class='ocrx_word' id='word_1_230' title='bbox 2214 3431 2525 3529; x_wconf 89' lang='lat' dir='ltr'><strong>Oportet</strong></span> <span class='ocrx_word' id='word_1_231' title='bbox 2603 3440 2839 3504; x_wconf 91' lang='lat' dir='ltr'><strong>tamen</strong></span> <span class='ocrx_word' id='word_1_232' title='bbox 2929 3433 3192 3506; x_wconf 81' lang='lat' dir='ltr'><strong>afferre</strong></span> <span class='ocrx_word' id='word_1_233' title='bbox 3246 3433 3544 3534; x_wconf 90' lang='lat' dir='ltr'><strong>aliquod</strong></span> <span class='ocrx_word' id='word_1_234' title='bbox 3620 3434 4175 3523; x_wconf 87' lang='lat' dir='ltr'><strong>documentum,</strong></span> <span class='ocrx_word' id='word_1_235' title='bbox 4250 3439 4444 3541; x_wconf 87' lang='lat' dir='ltr'><strong>quod</strong></span> 
     </span>
     <span class='ocr_line' id='line_1_25' title="bbox 1197 3544 4447 3654; baseline 0.004 -34"><span class='ocrx_word' id='word_1_236' title='bbox 1197 3547 1461 3646; x_wconf 86' lang='lat' dir='ltr'><strong>probet</strong></span> <span class='ocrx_word' id='word_1_237' title='bbox 1522 3573 1603 3620; x_wconf 93' lang='lat' dir='ltr'><strong>re</strong></span> <span class='ocrx_word' id='word_1_238' title='bbox 1668 3573 1841 3620; x_wconf 90' lang='lat' dir='ltr'><strong>vera</strong></span> <span class='ocrx_word' id='word_1_239' title='bbox 1895 3544 2572 3645; x_wconf 88' lang='lat' dir='ltr'><strong>phaenomenornm</strong></span> <span class='ocrx_word' id='word_1_240' title='bbox 2628 3549 3121 3649; x_wconf 88' lang='lat' dir='ltr'><strong>descriptione</strong></span> <span class='ocrx_word' id='word_1_241' title='bbox 3175 3549 3510 3624; x_wconf 86' lang='lat' dir='ltr'><strong>homines</strong></span> <span class='ocrx_word' id='word_1_242' title='bbox 3555 3550 3626 3625; x_wconf 88' lang='lat' dir='ltr'><strong>in</strong></span> <span class='ocrx_word' id='word_1_243' title='bbox 3682 3576 4012 3627; x_wconf 86' lang='lat' dir='ltr'><strong>errorem</strong></span> <span class='ocrx_word' id='word_1_244' title='bbox 4067 3582 4291 3654; x_wconf 90' lang='lat' dir='ltr'><strong>posse</strong></span> <span class='ocrx_word' id='word_1_245' title='bbox 4345 3559 4447 3633; x_wconf 91' lang='lat' dir='ltr'><strong>in-</strong></span> 
     </span>
     <span class='ocr_line' id='line_1_26' title="bbox 1198 3664 4445 3768; baseline 0.003 -30"><span class='ocrx_word' id='word_1_246' title='bbox 1198 3665 1381 3754; x_wconf 88' lang='lat' dir='ltr'><strong>duci,</strong></span> <span class='ocrx_word' id='word_1_247' title='bbox 1434 3665 1637 3765; x_wconf 93' lang='lat' dir='ltr'><strong>quod</strong></span> <span class='ocrx_word' id='word_1_248' title='bbox 1682 3688 1781 3737; x_wconf 85' lang='lat' dir='ltr'><strong>ex</strong></span> <span class='ocrx_word' id='word_1_249' title='bbox 1831 3664 2198 3763; x_wconf 88' lang='lat' dir='ltr'><strong>praesenti</strong></span> <span class='ocrx_word' id='word_1_250' title='bbox 2240 3664 2584 3738; x_wconf 87' lang='lat' dir='ltr'><strong>scientiae</strong></span> <span class='ocrx_word' id='word_1_251' title='bbox 2638 3675 2824 3740; x_wconf 91' lang='lat' dir='ltr'><strong>statu</strong></span> <span class='ocrx_word' id='word_1_252' title='bbox 2873 3692 3340 3768; x_wconf 89' lang='lat' dir='ltr'><strong>consequens</strong></span> <span class='ocrx_word' id='word_1_253' title='bbox 3392 3679 3520 3742; x_wconf 89' lang='lat' dir='ltr'><strong>est.</strong></span> <span class='ocrx_word' id='word_1_254' title='bbox 3585 3670 3781 3743; x_wconf 89' lang='lat' dir='ltr'><strong>Inter</strong></span> <span class='ocrx_word' id='word_1_255' title='bbox 3816 3670 3978 3745; x_wconf 91' lang='lat' dir='ltr'><strong>talia</strong></span> <span class='ocrx_word' id='word_1_256' title='bbox 4009 3673 4445 3749; x_wconf 88' lang='lat' dir='ltr'><strong>documenta</strong></span> 
     </span>
     <span class='ocr_line' id='line_1_27' title="bbox 1192 3780 4440 3894; baseline 0.004 -39"><span class='ocrx_word' id='word_1_257' title='bbox 1192 3781 1459 3856; x_wconf 89' lang='lat' dir='ltr'><strong>nullum</strong></span> <span class='ocrx_word' id='word_1_258' title='bbox 1545 3780 1832 3854; x_wconf 87' lang='lat' dir='ltr'><strong>videtur</strong></span> <span class='ocrx_word' id='word_1_259' title='bbox 1899 3782 2139 3878; x_wconf 87' lang='lat' dir='ltr'><strong>potius</strong></span> <span class='ocrx_word' id='word_1_260' title='bbox 2188 3781 2661 3867; x_wconf 82' lang='lat' dir='ltr'><strong>afferendum,</strong></span> <span class='ocrx_word' id='word_1_261' title='bbox 2721 3808 2936 3883; x_wconf 90' lang='lat' dir='ltr'><strong>quam</strong></span> <span class='ocrx_word' id='word_1_262' title='bbox 2987 3784 3379 3884; x_wconf 89' lang='lat' dir='ltr'><strong>descriptio</strong></span> <span class='ocrx_word' id='word_1_263' title='bbox 3434 3811 3475 3858; x_wconf 92' lang='lat' dir='ltr'><strong>a</strong></span> <span class='ocrx_word' id='word_1_264' title='bbox 3530 3788 3754 3887; x_wconf 91' lang='lat' dir='ltr'><strong>Leop.</strong></span> <span class='ocrx_word' id='word_1_265' title='bbox 3811 3815 3876 3862; x_wconf 76' lang='lat' dir='ltr'><strong>v,</strong></span> <span class='ocrx_word' id='word_1_266' title='bbox 3931 3791 4133 3865; x_wconf 89' lang='lat' dir='ltr'><strong>Buch</strong></span> <span class='ocrx_word' id='word_1_267' title='bbox 4165 3818 4440 3894; x_wconf 87' lang='lat' dir='ltr'><strong>propo-</strong></span> 
     </span>
     <span class='ocr_line' id='line_1_28' title="bbox 1190 3896 4439 4002; baseline 0.005 -30"><span class='ocrx_word' id='word_1_268' title='bbox 1190 3899 1318 3973; x_wconf 89' lang='lat' dir='ltr'><strong>sita</strong></span> <span class='ocrx_word' id='word_1_269' title='bbox 1375 3907 1760 3971; x_wconf 90' lang='lat' dir='ltr'><strong>stratorum</strong></span> <span class='ocrx_word' id='word_1_270' title='bbox 1818 3898 2011 3970; x_wconf 87' lang='lat' dir='ltr'><strong>circa</strong></span> <span class='ocrx_word' id='word_1_271' title='bbox 2060 3896 2555 3971; x_wconf 87' lang='lat' dir='ltr'><strong>Christianiam</strong></span> <span class='ocrx_word' id='word_1_272' title='bbox 2608 3898 3041 4000; x_wconf 78' lang='lat' dir='ltr'><strong>Norvegiae‚</strong></span> <span class='ocrx_word' id='word_1_273' title='bbox 3093 3903 3165 3975; x_wconf 93' lang='lat' dir='ltr'><strong>in</strong></span> <span class='ocrx_word' id='word_1_274' title='bbox 3222 3927 3362 4002; x_wconf 91' lang='lat' dir='ltr'><strong>qua</strong></span> <span class='ocrx_word' id='word_1_275' title='bbox 3412 3904 3583 3977; x_wconf 93' lang='lat' dir='ltr'><strong>olim</strong></span> <span class='ocrx_word' id='word_1_276' title='bbox 3617 3908 4091 4000; x_wconf 71' lang='lat' dir='ltr'><strong>Geognosiae</strong></span> <span class='ocrx_word' id='word_1_277' title='bbox 4126 3911 4439 3986; x_wconf 90' lang='lat' dir='ltr'><strong>cultores</strong></span> 
     </span>
     <span class='ocr_line' id='line_1_29' title="bbox 1188 4011 4438 4126; baseline 0.005 -37"><span class='ocrx_word' id='word_1_278' title='bbox 1188 4016 1489 4089; x_wconf 91' lang='lat' dir='ltr'><strong>multum</strong></span> <span class='ocrx_word' id='word_1_279' title='bbox 1545 4011 1933 4085; x_wconf 80' lang='lat' dir='ltr'><strong>haerebant.</strong></span> <span class='ocrx_word' id='word_1_280' title='bbox 2007 4013 2311 4100; x_wconf 89' lang='lat' dir='ltr'><strong>Auctor,</strong></span> <span class='ocrx_word' id='word_1_281' title='bbox 2364 4023 2750 4116; x_wconf 89' lang='lat' dir='ltr'><strong>postquam</strong></span> <span class='ocrx_word' id='word_1_282' title='bbox 2808 4019 3167 4117; x_wconf 89' lang='lat' dir='ltr'><strong>quaedam</strong></span> <span class='ocrx_word' id='word_1_283' title='bbox 3225 4020 3317 4093; x_wconf 91' lang='lat' dir='ltr'><strong>ad</strong></span> <span class='ocrx_word' id='word_1_284' title='bbox 3363 4033 3688 4096; x_wconf 91' lang='lat' dir='ltr'><strong>naturam</strong></span> <span class='ocrx_word' id='word_1_285' title='bbox 3727 4025 4047 4125; x_wconf 78' lang='lat' dir='ltr'><strong>regionis</strong></span> <span class='ocrx_word' id='word_1_286' title='bbox 4076 4030 4438 4126; x_wconf 86' lang='lat' dir='ltr'><strong>pertinen-</strong></span> 
     </span>
     <span class='ocr_line' id='line_1_30' title="bbox 1186 4129 4437 4235; baseline 0.004 -29"><span class='ocrx_word' id='word_1_287' title='bbox 1186 4132 1279 4207; x_wconf 91' lang='lat' dir='ltr'><strong>tia</strong></span> <span class='ocrx_word' id='word_1_288' title='bbox 1342 4129 1959 4213; x_wconf 86' lang='lat' dir='ltr'><strong>commemoravit,</strong></span> <span class='ocrx_word' id='word_1_289' title='bbox 2017 4154 2115 4202; x_wconf 85' lang='lat' dir='ltr'><strong>ex</strong></span> <span class='ocrx_word' id='word_1_290' title='bbox 2168 4129 2277 4204; x_wconf 90' lang='lat' dir='ltr'><strong>his</strong></span> <span class='ocrx_word' id='word_1_291' title='bbox 2331 4133 2673 4207; x_wconf 91' lang='lat' dir='ltr'><strong>omnibus</strong></span> <span class='ocrx_word' id='word_1_292' title='bbox 2728 4134 3096 4210; x_wconf 91' lang='lat' dir='ltr'><strong>concludit</strong></span> <span class='ocrx_word' id='word_1_293' title='bbox 3145 4136 3498 4235; x_wconf 89' lang='lat' dir='ltr'><strong>Syeniten</strong></span> <span class='ocrx_word' id='word_1_294' title='bbox 3555 4141 4000 4217; x_wconf 90' lang='lat' dir='ltr'><strong>zirconicum</strong></span> <span class='ocrx_word' id='word_1_295' title='bbox 4059 4142 4222 4219; x_wconf 91' lang='lat' dir='ltr'><strong>heic</strong></span> <span class='ocrx_word' id='word_1_296' title='bbox 4277 4173 4437 4221; x_wconf 76' lang='lat' dir='ltr'><strong>esse</strong></span> 
     </span>
     <span class='ocr_line' id='line_1_31' title="bbox 1185 4245 4431 4353; baseline 0.005 -30"><span class='ocrx_word' id='word_1_297' title='bbox 1185 4274 1446 4323; x_wconf 84' lang='lat' dir='ltr'><strong>saxum</strong></span> <span class='ocrx_word' id='word_1_298' title='bbox 1537 4245 2144 4331; x_wconf 88' lang='lat' dir='ltr'><strong>recentissimum,</strong></span> <span class='ocrx_word' id='word_1_299' title='bbox 2225 4247 2624 4349; x_wconf 84' lang='lat' dir='ltr'><strong>subterque</strong></span> <span class='ocrx_word' id='word_1_300' title='bbox 2688 4277 2782 4325; x_wconf 94' lang='lat' dir='ltr'><strong>eo</strong></span> <span class='ocrx_word' id='word_1_301' title='bbox 2837 4279 3001 4327; x_wconf 88' lang='lat' dir='ltr'><strong>esse</strong></span> <span class='ocrx_word' id='word_1_302' title='bbox 3057 4254 3407 4328; x_wconf 88' lang='lat' dir='ltr'><strong>Graniten</strong></span> <span class='ocrx_word' id='word_1_303' title='bbox 3460 4281 3680 4353; x_wconf 89' lang='lat' dir='ltr'><strong>supra</strong></span> <span class='ocrx_word' id='word_1_304' title='bbox 3731 4284 3992 4333; x_wconf 85' lang='lat' dir='ltr'><strong>saxum</strong></span> <span class='ocrx_word' id='word_1_305' title='bbox 4049 4263 4431 4339; x_wconf 86' lang='lat' dir='ltr'><strong>calcarium</strong></span> 
     </span>
     <span class='ocr_line' id='line_1_32' title="bbox 1180 4363 4433 4467; baseline 0.005 -28"><span class='ocrx_word' id='word_1_306' title='bbox 1180 4365 1615 4439; x_wconf 85' lang='lat' dir='ltr'><strong>transitionis</strong></span> <span class='ocrx_word' id='word_1_307' title='bbox 1666 4363 2103 4464; x_wconf 84' lang='lat' dir='ltr'><strong>petraefacta</strong></span> <span class='ocrx_word' id='word_1_308' title='bbox 2148 4365 2389 4440; x_wconf 85' lang='lat' dir='ltr'><strong>ferens</strong></span> <span class='ocrx_word' id='word_1_309' title='bbox 2443 4368 2782 4467; x_wconf 88' lang='lat' dir='ltr'><strong>positum,</strong></span> <span class='ocrx_word' id='word_1_310' title='bbox 2839 4370 3093 4444; x_wconf 89' lang='lat' dir='ltr'><strong>subter</strong></span> <span class='ocrx_word' id='word_1_311' title='bbox 3144 4398 3237 4446; x_wconf 93' lang='lat' dir='ltr'><strong>eo</strong></span> <span class='ocrx_word' id='word_1_312' title='bbox 3295 4371 3658 4446; x_wconf 88' lang='lat' dir='ltr'><strong>Schistum</strong></span> <span class='ocrx_word' id='word_1_313' title='bbox 3713 4377 4071 4464; x_wconf 88' lang='lat' dir='ltr'><strong>siliceum,</strong></span> <span class='ocrx_word' id='word_1_314' title='bbox 4143 4380 4283 4454; x_wconf 88' lang='lat' dir='ltr'><strong>snb</strong></span> <span class='ocrx_word' id='word_1_315' title='bbox 4343 4408 4433 4456; x_wconf 88' lang='lat' dir='ltr'><strong>eo</strong></span> 
     </span>
     <span class='ocr_line' id='line_1_33' title="bbox 1181 4481 4432 4597; baseline 0.006 -42"><span class='ocrx_word' id='word_1_316' title='bbox 1181 4481 1536 4556; x_wconf 87' lang='lat' dir='ltr'><strong>Schistum</strong></span> <span class='ocrx_word' id='word_1_317' title='bbox 1592 4481 2057 4578; x_wconf 75' lang='lat' dir='ltr'><strong>argillaceum</strong></span> <span class='ocrx_word' id='word_1_318' title='bbox 2111 4484 2434 4558; x_wconf 87' lang='lat' dir='ltr'><strong>Wackae</strong></span> <span class='ocrx_word' id='word_1_319' title='bbox 2488 4487 2776 4580; x_wconf 72' lang='lat' dir='ltr'><strong>griseae</strong></span> <span class='ocrx_word' id='word_1_320' title='bbox 2828 4487 3160 4568; x_wconf 81' lang='lat' dir='ltr'><strong>similem,</strong></span> <span class='ocrx_word' id='word_1_321' title='bbox 3214 4488 3351 4562; x_wconf 90' lang='lat' dir='ltr'><strong>sub</strong></span> <span class='ocrx_word' id='word_1_322' title='bbox 3407 4516 3500 4563; x_wconf 95' lang='lat' dir='ltr'><strong>eo</strong></span> <span class='ocrx_word' id='word_1_323' title='bbox 3557 4490 3916 4567; x_wconf 86' lang='lat' dir='ltr'><strong>Schistum</strong></span> <span class='ocrx_word' id='word_1_324' title='bbox 3972 4498 4432 4597; x_wconf 77' lang='lat' dir='ltr'><strong>arg-illaceum</strong></span> 
     </span>
     <span class='ocr_line' id='line_1_34' title="bbox 1176 4599 4432 4706; baseline 0.006 -34"><span class='ocrx_word' id='word_1_325' title='bbox 1176 4624 1341 4673; x_wconf 89' lang='lat' dir='ltr'><strong>cum</strong></span> <span class='ocrx_word' id='word_1_326' title='bbox 1402 4599 1601 4672; x_wconf 79' lang='lat' dir='ltr'><strong>calce</strong></span> <span class='ocrx_word' id='word_1_327' title='bbox 1648 4600 1850 4696; x_wconf 77' lang='lat' dir='ltr'><strong>nigra</strong></span> <span class='ocrx_word' id='word_1_328' title='bbox 1907 4599 2602 4676; x_wconf 89' lang='lat' dir='ltr'><strong>Orthoceratitarum</strong></span> <span class='ocrx_word' id='word_1_329' title='bbox 2659 4604 3166 4688; x_wconf 85' lang='lat' dir='ltr'><strong>alternantem,</strong></span> <span class='ocrx_word' id='word_1_330' title='bbox 3224 4605 3543 4706; x_wconf 89' lang='lat' dir='ltr'><strong>denique</strong></span> <span class='ocrx_word' id='word_1_331' title='bbox 3599 4609 3736 4682; x_wconf 86' lang='lat' dir='ltr'><strong>sub</strong></span> <span class='ocrx_word' id='word_1_332' title='bbox 3795 4638 3889 4684; x_wconf 89' lang='lat' dir='ltr'><strong>eo</strong></span> <span class='ocrx_word' id='word_1_333' title='bbox 3943 4639 4194 4687; x_wconf 89' lang='lat' dir='ltr'><strong>rursus</strong></span> <span class='ocrx_word' id='word_1_334' title='bbox 4250 4619 4432 4690; x_wconf 84' lang='lat' dir='ltr'><strong>Gra·</strong></span> 
     </span>
     <span class='ocr_line' id='line_1_35' title="bbox 1177 4713 4433 4834; baseline 0.006 -46"><span class='ocrx_word' id='word_1_335' title='bbox 1177 4715 1394 4788; x_wconf 88' lang='lat' dir='ltr'><strong>niten.</strong></span> <span class='ocrx_word' id='word_1_336' title='bbox 1528 4716 1797 4788; x_wconf 86' lang='lat' dir='ltr'><strong>Subter</strong></span> <span class='ocrx_word' id='word_1_337' title='bbox 1865 4713 2009 4786; x_wconf 90' lang='lat' dir='ltr'><strong>hoc</strong></span> <span class='ocrx_word' id='word_1_338' title='bbox 2066 4717 2364 4791; x_wconf 86' lang='lat' dir='ltr'><strong>Granite</strong></span> <span class='ocrx_word' id='word_1_339' title='bbox 2413 4720 2491 4791; x_wconf 91' lang='lat' dir='ltr'><strong>L.</strong></span> <span class='ocrx_word' id='word_1_340' title='bbox 2548 4747 2610 4792; x_wconf 88' lang='lat' dir='ltr'><strong>v.</strong></span> <span class='ocrx_word' id='word_1_341' title='bbox 2664 4719 2870 4793; x_wconf 91' lang='lat' dir='ltr'><strong>Buch</strong></span> <span class='ocrx_word' id='word_1_342' title='bbox 2925 4729 3134 4818; x_wconf 89' lang='lat' dir='ltr'><strong>putat</strong></span> <span class='ocrx_word' id='word_1_343' title='bbox 3182 4722 3428 4797; x_wconf 87' lang='lat' dir='ltr'><strong>denno</strong></span> <span class='ocrx_word' id='word_1_344' title='bbox 3461 4725 3684 4800; x_wconf 88' lang='lat' dir='ltr'><strong>latere</strong></span> <span class='ocrx_word' id='word_1_345' title='bbox 3740 4726 4100 4804; x_wconf 83' lang='lat' dir='ltr'><strong>Schistum</strong></span> <span class='ocrx_word' id='word_1_346' title='bbox 4156 4734 4433 4834; x_wconf 78' lang='lat' dir='ltr'><strong>argilla-</strong></span> 
     </span>
     <span class='ocr_line' id='line_1_36' title="bbox 1176 4830 4428 4936; baseline 0.006 -32"><span class='ocrx_word' id='word_1_347' title='bbox 1176 4856 1389 4905; x_wconf 89' lang='lat' dir='ltr'><strong>ceum</strong></span> <span class='ocrx_word' id='word_1_348' title='bbox 1460 4840 1532 4906; x_wconf 91' lang='lat' dir='ltr'><strong>et</strong></span> <span class='ocrx_word' id='word_1_349' title='bbox 1611 4856 1873 4905; x_wconf 82' lang='lat' dir='ltr'><strong>saxum</strong></span> <span class='ocrx_word' id='word_1_350' title='bbox 1944 4830 2328 4907; x_wconf 89' lang='lat' dir='ltr'><strong>calcarium</strong></span> <span class='ocrx_word' id='word_1_351' title='bbox 2406 4833 2665 4936; x_wconf 90' lang='lat' dir='ltr'><strong>hisque</strong></span> <span class='ocrx_word' id='word_1_352' title='bbox 2715 4838 3153 4912; x_wconf 87' lang='lat' dir='ltr'><strong>transitionis</strong></span> <span class='ocrx_word' id='word_1_353' title='bbox 3209 4838 3717 4916; x_wconf 85' lang='lat' dir='ltr'><strong>formationem</strong></span> <span class='ocrx_word' id='word_1_354' title='bbox 3778 4845 4012 4932; x_wconf 82' lang='lat' dir='ltr'><strong>finire,</strong></span> <span class='ocrx_word' id='word_1_355' title='bbox 4098 4875 4184 4923; x_wconf 80' lang='lat' dir='ltr'><strong>oa</strong></span> <span class='ocrx_word' id='word_1_356' title='bbox 4241 4851 4428 4925; x_wconf 90' lang='lat' dir='ltr'><strong>enim</strong></span> 
     </span>
     <span class='ocr_line' id='line_1_37' title="bbox 1173 4948 4429 5049; baseline 0.006 -27"><span class='ocrx_word' id='word_1_357' title='bbox 1173 4948 1523 5045; x_wconf 89' lang='lat' dir='ltr'><strong>excipere</strong></span> <span class='ocrx_word' id='word_1_358' title='bbox 1583 4948 1996 5022; x_wconf 88' lang='lat' dir='ltr'><strong>Gneissum.</strong></span> <span class='ocrx_word' id='word_1_359' title='bbox 2056 4949 2256 5048; x_wconf 91' lang='lat' dir='ltr'><strong>quod</strong></span> <span class='ocrx_word' id='word_1_360' title='bbox 2315 4963 2515 5049; x_wconf 90' lang='lat' dir='ltr'><strong>putat</strong></span> <span class='ocrx_word' id='word_1_361' title='bbox 2576 4979 2740 5028; x_wconf 90' lang='lat' dir='ltr'><strong>esse</strong></span> <span class='ocrx_word' id='word_1_362' title='bbox 2794 4956 3232 5029; x_wconf 88' lang='lat' dir='ltr'><strong>substratum</strong></span> <span class='ocrx_word' id='word_1_363' title='bbox 3285 4983 3679 5034; x_wconf 89' lang='lat' dir='ltr'><strong>commune</strong></span> <span class='ocrx_word' id='word_1_364' title='bbox 3733 4963 4307 5039; x_wconf 80' lang='lat' dir='ltr'><strong>sedimentorum</strong></span> <span class='ocrx_word' id='word_1_365' title='bbox 4359 4970 4429 5042; x_wconf 92' lang='lat' dir='ltr'><strong>in</strong></span> 
     </span>
     <span class='ocr_line' id='line_1_38' title="bbox 1169 5064 4426 5179; baseline 0.006 -42"><span class='ocrx_word' id='word_1_366' title='bbox 1169 5064 1767 5165; x_wconf 75' lang='lat' dir='ltr'><strong>Septentrione*).</strong></span> <span class='ocrx_word' id='word_1_367' title='bbox 1839 5067 2127 5139; x_wconf 85' lang='lat' dir='ltr'><strong>Auctor</strong></span> <span class='ocrx_word' id='word_1_368' title='bbox 2192 5076 2433 5140; x_wconf 88' lang='lat' dir='ltr'><strong>tamen</strong></span> <span class='ocrx_word' id='word_1_369' title='bbox 2500 5069 2593 5142; x_wconf 91' lang='lat' dir='ltr'><strong>ad</strong></span> <span class='ocrx_word' id='word_1_370' title='bbox 2676 5069 2834 5144; x_wconf 80' lang='lat' dir='ltr'><strong>haec</strong></span> <span class='ocrx_word' id='word_1_371' title='bbox 2888 5073 3131 5146; x_wconf 92' lang='lat' dir='ltr'><strong>omnia</strong></span> <span class='ocrx_word' id='word_1_372' title='bbox 3192 5072 3712 5151; x_wconf 85' lang='lat' dir='ltr'><strong>dubitationem</strong></span> <span class='ocrx_word' id='word_1_373' title='bbox 3789 5080 4151 5179; x_wconf 88' lang='lat' dir='ltr'><strong>quandam</strong></span> <span class='ocrx_word' id='word_1_374' title='bbox 4213 5082 4426 5157; x_wconf 89' lang='lat' dir='ltr'><strong>inter·</strong></span> 
     </span>
     <span class='ocr_line' id='line_1_39' title="bbox 1164 5180 4425 5299; baseline 0.006 -46"><span class='ocrx_word' id='word_1_375' title='bbox 1164 5182 1404 5281; x_wconf 89' lang='lat' dir='ltr'><strong>posuit</strong></span> <span class='ocrx_word' id='word_1_376' title='bbox 1455 5181 1548 5254; x_wconf 92' lang='lat' dir='ltr'><strong>de</strong></span> <span class='ocrx_word' id='word_1_377' title='bbox 1604 5180 2143 5258; x_wconf 86' lang='lat' dir='ltr'><strong>characteribus</strong></span> <span class='ocrx_word' id='word_1_378' title='bbox 2198 5185 2610 5283; x_wconf 89' lang='lat' dir='ltr'><strong>specierum</strong></span> <span class='ocrx_word' id='word_1_379' title='bbox 2665 5189 2843 5274; x_wconf 88' lang='lat' dir='ltr'><strong>saxi,</strong></span> <span class='ocrx_word' id='word_1_380' title='bbox 2872 5199 3129 5290; x_wconf 89' lang='lat' dir='ltr'><strong>estque</strong></span> <span class='ocrx_word' id='word_1_381' title='bbox 3155 5191 3326 5265; x_wconf 90' lang='lat' dir='ltr'><strong>illud</strong></span> <span class='ocrx_word' id='word_1_382' title='bbox 3360 5196 3759 5292; x_wconf 83' lang='lat' dir='ltr'><strong>praesertim</strong></span> <span class='ocrx_word' id='word_1_383' title='bbox 3789 5198 4030 5299; x_wconf 76' lang='lat' dir='ltr'><strong>magni</strong></span> <span class='ocrx_word' id='word_1_384' title='bbox 4059 5202 4425 5287; x_wconf 88' lang='lat' dir='ltr'><strong>momenti,</strong></span> 
     </span>
    </p>
   </div>
   <div class='ocr_carea' id='block_1_6' title="bbox 1364 5368 3729 5455">
    <p class='ocr_par' dir='ltr' id='par_1_6' title="bbox 1364 5368 3729 5455">
     <span class='ocr_line' id='line_1_40' title="bbox 1364 5368 3729 5455; baseline 0.005 -34"><span class='ocrx_word' id='word_1_385' title='bbox 1364 5371 1404 5436; x_wconf 78' lang='grc'><strong>’)</strong></span> <span class='ocrx_word' id='word_1_386' title='bbox 1477 5368 1639 5423; x_wconf 80' lang='lat' dir='ltr'><strong>Reise</strong></span> <span class='ocrx_word' id='word_1_387' title='bbox 1678 5370 1845 5423; x_wconf 85' lang='lat' dir='ltr'><strong>durch</strong></span> <span class='ocrx_word' id='word_1_388' title='bbox 1881 5369 2184 5443; x_wconf 80' lang='lat' dir='ltr'><strong>Norwegen</strong></span> <span class='ocrx_word' id='word_1_389' title='bbox 2226 5372 2335 5426; x_wconf 88' lang='lat' dir='ltr'><strong>und</strong></span> <span class='ocrx_word' id='word_1_390' title='bbox 2371 5373 2654 5446; x_wconf 79' lang='lat' dir='ltr'><strong>Lappland</strong></span> <span class='ocrx_word' id='word_1_391' title='bbox 2691 5391 2796 5427; x_wconf 86' lang='lat' dir='ltr'><strong>von</strong></span> <span class='ocrx_word' id='word_1_392' title='bbox 2834 5374 3004 5447; x_wconf 87' lang='lat' dir='ltr'><strong>Leop.</strong></span> <span class='ocrx_word' id='word_1_393' title='bbox 3041 5395 3090 5428; x_wconf 83' lang='lat' dir='ltr'><strong>v.</strong></span> <span class='ocrx_word' id='word_1_394' title='bbox 3127 5378 3276 5432; x_wconf 88' lang='lat' dir='ltr'><strong>Buch</strong></span> <span class='ocrx_word' id='word_1_395' title='bbox 3321 5380 3343 5432; x_wconf 90' lang='lat'><em>1</em></span> <span class='ocrx_word' id='word_1_396' title='bbox 3385 5380 3489 5434; x_wconf 86' lang='lat' dir='ltr'><strong>Th.</strong></span> <span class='ocrx_word' id='word_1_397' title='bbox 3528 5402 3580 5455; x_wconf 89' lang='lat' dir='ltr'><strong>p.</strong></span> <span class='ocrx_word' id='word_1_398' title='bbox 3618 5384 3729 5435; x_wconf 82' lang='lat'><strong>141.</strong></span> 
     </span>
    </p>
   </div>
   <div class='ocr_carea' id='block_1_7' title="bbox 4886 1434 4929 4764">
    <p class='ocr_par' dir='ltr' id='par_1_7' title="bbox 4886 1434 4929 4764">
     <span class='ocr_line' id='line_1_41' title="bbox 4886 1434 4929 4764; baseline 0 0"><span class='ocrx_word' id='word_1_399' title='bbox 4886 1434 4929 4764; x_wconf 95' lang='lat' dir='ltr'><strong> </strong></span> 
     </span>
    </p>
   </div>
   <div class='ocr_carea' id='block_1_8' title="bbox 4901 5599 4914 6466">
    <p class='ocr_par' dir='ltr' id='par_1_8' title="bbox 4901 5599 4914 6466">
     <span class='ocr_line' id='line_1_42' title="bbox 4901 5599 4914 6466; baseline 0 0"><span class='ocrx_word' id='word_1_400' title='bbox 4901 5599 4914 6466; x_wconf 95' lang='lat' dir='ltr'><strong> </strong></span> 
     </span>
    </p>
   </div>
  </div>
 </body>
</html>
