4984 6517
3512 562 3677 649 379

564 776 638 855 in
685 777 1070 866 vocabula,
1147 776 1222 853 in
1299 775 1645 852 formulas
1694 772 2074 882 loquendi,
2120 772 2195 847 in
2246 773 2746 851 translationes
2793 773 3224 863 verborum,
3274 774 3349 851 in
3397 774 3535 851 alia
3580 774 3783 851 deni-

565 921 744 1003 que.
798 920 1305 1004 quaecumque
1355 903 1594 981 erunt,
1648 892 1933 969 dicendi
1988 899 2441 980 ornamenta,
2498 917 2688 1000 quae
2739 892 2933 969 unde
2980 901 3264 994 sumpta
3316 893 3456 969 sint
3489 901 3611 970 aut
3634 918 3784 997 quo

560 1023 889 1116 spectent
935 1014 1340 1100 valeantve,
1389 1037 1691 1114 prorsus
1738 1010 2045 1113 ignoret.

861 1183 996 1259 His
1069 1183 1316 1286 paucis
1387 1181 1612 1258 allatis
1690 1179 2089 1283 intelligere
2143 1182 2297 1278 jam
2365 1178 2561 1267 licet,
2611 1204 2922 1285 quanam
2971 1177 3471 1282 probabilitate
3521 1178 3783 1254 nitatur

550 1300 902 1400 judicium
973 1327 1263 1390 eorum,
1327 1300 1453 1407 qui
1523 1299 1928 1375 dictitarunt
1975 1308 2047 1372 et
2097 1297 2484 1372 etiamnum
2541 1296 2886 1385 dictitant,
2929 1298 3321 1374 litterarum
3368 1297 3782 1375 Latinarum

557 1419 792 1494 studia
853 1422 1037 1517 jam,
1124 1427 1197 1495 ut
1271 1418 1365 1493 ita
1447 1416 1716 1504 dicam,
1770 1425 2009 1518 partes
2057 1441 2225 1491 suas
2270 1414 2729 1517 transegisse.
2836 1415 2986 1491 Sed
3036 1416 3161 1523 qui
3206 1413 3341 1490 hac
3391 1417 3544 1492 fere
3588 1439 3779 1491 voce

557 1545 865 1625 utuntur,
915 1538 975 1612 si
1026 1536 1220 1612 idem
1274 1536 1522 1613 dicunt
1573 1559 1849 1621 omneS,
1893 1548 2133 1610 tamen
2179 1558 2330 1608 non
2379 1531 2576 1608 idem
2627 1559 2928 1635 prorsus
2971 1534 3301 1610 sentiunt.
3373 1534 3509 1609 Uni
3554 1533 3778 1621 enim,

559 1679 781 1760 quum
834 1680 978 1729 non
1029 1663 1305 1729 temere
1358 1653 1761 1755 opinentur,
1827 1650 2145 1754 linguam
2199 1650 2553 1739 Latinam,
2609 1651 2779 1726 olim
2834 1651 3206 1758 quoddam
3259 1654 3616 1757 quusque
3671 1650 3778 1725 di-

554 1772 895 1873 sciplinae
968 1771 1382 1848 tractandae
1453 1769 1996 1882 tradendaeque
2047 1770 2626 1859 instrumentum,
2681 1769 2774 1845 ad
2824 1796 2984 1846 eam
3039 1794 3197 1844 rem
3250 1767 3577 1843 adhiberi
3622 1771 3778 1866 jam

554 1888 827 1965 dudum
887 1888 1184 1964 desitam
1240 1914 1440 1976 esse,
1496 1915 1644 1964 non
1699 1887 2024 1964 dubitant
2072 1889 2469 1990 postulare,
2527 1900 2603 1965 ut
2651 1889 3038 1964 litterarum
3092 1885 3502 1964 Latinarum
3547 1884 3783 1960 studia

557 2007 991 2109 «paullulum
1044 2008 1470 2095 recedant»,
1520 2006 1596 2082 id
1648 2016 1787 2095 est,
1842 2005 1937 2082 de
1988 2006 2456 2108 possessione
2501 2032 2634 2082 sua
2677 2006 2831 2082 sive
2870 2015 3152 2081 vetusto
3184 2010 3355 2105 jure
3382 2002 3770 2090 decedant3

550 2126 697 2214 alii,
751 2125 873 2232 qui
924 2126 1209 2228 longius
1260 2135 1426 2206 sunt
1472 2126 1546 2200 in
1602 2126 1895 2201 alteram
1946 2136 2221 2225 partem
2253 2125 2655 2227 progressi,
2707 2123 3112 2199 inconsulte
3162 2149 3248 2197 ac
3297 2133 3573 2198 temere
3601 2148 3771 2197 cen·

549 2253 737 2330 sent,
782 2243 1016 2319 studia
1063 2243 1181 2319 illa
1225 2246 1376 2342 jam
1428 2242 1725 2350 quidem
1776 2268 1876 2319 ex
1927 2240 2194 2317 scholis
2236 2242 2502 2317 rectius
2541 2243 2901 2318 exsulare.
3012 2244 3220 2333 Quae
3261 2241 3535 2339 judicia
3584 2241 3772 2316 inter

548 2388 630 2437 se
702 2361 1096 2436 admodum
1167 2362 1490 2448 diversa,
1559 2360 1797 2469 qualia
1845 2361 2011 2448 sint,
2064 2385 2214 2436 non
2264 2368 2374 2435 est
2422 2360 2515 2434 ad
2570 2358 3115 2462 disceptandum
3171 2356 3480 2433 difficile.
3585 2356 3772 2432 Illud

547 2481 774 2568 enim,
829 2488 1038 2555 caute
1082 2479 1439 2555 subducta
1496 2481 1807 2566 ratione,
1859 2478 2154 2580 probari
2200 2488 2468 2580 potest,
2520 2478 2664 2555 hoc
2715 2478 2912 2553 nullo
2943 2501 3241 2579 prorsus
3276 2474 3522 2551 modo.
3583 2474 3771 2550 Illud

547 2624 694 2705 quo
746 2599 1004 2685 valeat,
1056 2597 1309 2673 videre
1360 2596 1533 2673 mihi
1582 2598 1862 2684 videor,
1913 2622 2053 2671 nec
2103 2597 2315 2672 valde
2340 2595 2701 2696 improbo.
2759 2599 3000 2688 Quum
3032 2596 3224 2671 enim
3249 2595 3390 2670 sint
3413 2593 3630 2697 digna
3651 2593 3771 2669 illa

544 2717 807 2803 studia,
882 2716 953 2790 in
1040 2715 1304 2822 quibus
1374 2713 1696 2790 habitent
1763 2713 2109 2820 omnique
2159 2713 2302 2788 vita
2353 2722 2913 2800 commorentur,
2963 2713 3087 2820 qui
3137 2713 3273 2788 illis
3325 2712 3576 2788 natura
3630 2712 3770 2789 sint

542 2833 687 2934 apti
737 2832 1138 2938 deditique,
1211 2856 1584 2937 quumque
1650 2831 1792 2907 sint
1851 2831 2260 2906 necessaria
2308 2832 2426 2917 iis,
2482 2831 2923 2939 quicumque
2973 2829 3088 2906 vel
3141 2831 3585 2933 disciplinam
3639 2832 3764 2905 ali-

542 2976 756 3053 quam
831 2959 1135 3027 tractare
1210 2949 1483 3036 volent,
1566 2952 1774 3048 cujus
1838 2949 1911 3024 in
1971 2949 2104 3024 illis
2164 2949 2476 3024 nitantur
2526 2949 2918 3050 primordia
2967 2973 3053 3024 ac
3102 2947 3594 3037 fundamenta,
3647 2950 3765 3025 vel

539 3068 821 3171 linguas
866 3066 1308 3143 recentiores
1353 3066 1773 3168 perdiscere
1825 3066 2341 3169 concupiscent
2384 3076 2506 3142 aut
2553 3067 2770 3167 hujus
2820 3066 3271 3143 humanitatis
3299 3068 3443 3143 vim
3480 3067 3762 3168 penitus

538 3187 920 3287 percipere
970 3183 1390 3270 studebunt,
1441 3193 1679 3261 tamen
1734 3185 1868 3261 illis
1901 3184 2152 3263 studiis
2172 3211 2320 3262 non
2345 3185 2643 3275 debent,
2680 3195 3090 3263 ceterorum
3120 3187 3418 3274 damno,
3444 3186 3520 3260 in
3546 3169 3762 3260 scho-

540 3301 627 3378 lis
671 3302 878 3377 nimis
923 3302 1144 3405 longa
1195 3300 1433 3377 addici
1489 3302 1818 3380 discendi
1864 3315 2194 3406 tempora
2250 3351 2342 3364 --
2399 3304 2602 3412 quod
2641 3305 2875 3406 ipsum
2905 3308 3059 3404 jam
3095 3304 3329 3380 minus
3363 3314 3473 3378 est
3504 3326 3761 3378 neces-

539 3420 835 3507 sarium,
893 3421 953 3494 si
1005 3420 1300 3528 quidem
1356 3421 1833 3497 emendantur
1877 3423 1949 3497 in
1999 3422 2156 3498 dies
2196 3423 2360 3498 libri
2410 3423 2537 3510 illi,
2590 3422 2854 3530 quibus
2904 3432 3268 3530 tamquam
3309 3420 3625 3498 docendi
3653 3420 3761 3495 in-

537 3538 945 3612 strumentis
1001 3547 1281 3614 utantur
1321 3552 1871 3640 praeceptoreS,
1930 3551 2003 3616 et
2049 3542 2390 3618 meliores
2445 3541 2691 3630 multo,
2723 3566 2939 3648 quam
2987 3567 3175 3648 quae
3219 3551 3385 3616 ante
3440 3540 3758 3627 fuerunt,

533 3663 865 3755 repertae
915 3665 1082 3731 sunt
1126 3656 1284 3732 viae
1336 3682 1423 3731 ac
1476 3658 1793 3733 rationes
1841 3659 2254 3735 instituendi
2303 3706 2397 3721 —
2449 3685 2590 3737 nec
2636 3657 2752 3736 alii
2799 3658 3098 3748 debent,
3151 3659 3287 3734 nisi
3314 3658 3437 3766 qui
3461 3667 3758 3733 naturae

532 3772 843 3880 quadam
900 3774 1392 3874 propensione
1444 3775 1539 3851 ad
1581 3776 1701 3852 illa
1750 3776 1985 3851 studia
2033 3776 2377 3866 feruntur,
2424 3779 2498 3853 in
2550 3778 2634 3854 iis
2687 3778 3084 3853 elaborare.
3148 3778 3370 3871 Quod
3406 3777 3469 3852 si
3495 3775 3763 3851 faciunt

528 3892 678 3979 alii,
746 3891 890 3966 hoc
963 3890 1233 3966 faciunt
1280 3917 1428 3968 non
1477 3919 1615 3969 suo
1674 3892 2103 3981 commodO,
2152 3894 2287 3971 sed
2337 3921 2570 3994 paene
2622 3896 2773 3971 dixi
2824 3896 3210 3971 litterarum
3259 3896 3576 3995 ipsarum
3632 3893 3759 3970 de·

530 4010 887 4085 trimento.
1020 4008 1243 4101 Quod
1316 4009 1551 4111 ipsum
1608 4037 1743 4087 usu
1792 4012 1962 4088 satis
2010 4022 2461 4114 compertum
2515 4023 2642 4090 est.
2748 4017 2983 4106 Quam
3036 4013 3228 4088 enim
3280 4012 3479 4089 multi
3507 4011 3754 4088 adole-

529 4127 835 4204 scentuli
881 4124 974 4201 ad
1021 4126 1359 4204 subsellia
1408 4129 1856 4205 Academica
1883 4140 2378 4220 accesserunt,
2413 4132 2571 4239 qui,
2609 4131 2967 4208 decennio
2995 4132 3153 4208 fere
3189 4133 3264 4207 in
3303 4130 3554 4207 schola
3578 4155 3756 4212 cou-

530 4256 857 4346 sumpto,
910 4245 985 4321 in
1039 4271 1181 4352 qua
1233 4246 1611 4322 meliorem
1655 4246 1971 4326 ineuntis
2022 4250 2270 4326 aetatis
2320 4259 2596 4351 partem
2642 4249 3032 4327 litterarum
3073 4250 3481 4326 Latinarum
3513 4246 3753 4325 studio

533 4362 839 4438 dicatam
892 4364 1401 4467 transegerint,
1454 4366 1527 4441 in
1576 4367 1993 4468 cognitione
2039 4393 2288 4444 earum
2314 4368 2662 4444 tantulum
2690 4369 3001 4444 assecuti
3028 4376 3300 4456 essent,
3332 4376 3409 4443 ut
3430 4368 3761 4467 ipsorum

526 4480 823 4557 scientia
871 4480 999 4556 vix
1047 4491 1297 4582 posset
1340 4483 1771 4585 approbari?
1820 4485 2031 4573 Esto,
2092 4496 2170 4561 ut
2230 4486 2304 4561 in
2373 4484 2805 4594 quibusdam
2842 4485 3414 4562 animadvertere
3439 4484 3750 4572 licuerit,

530 4623 662 4674 eos
718 4624 866 4674 non
919 4597 1116 4674 bona
1164 4600 1524 4677 institutos
1575 4602 1795 4678 fuisse
1847 4602 2250 4705 disciplina:
2296 4612 2537 4679 tamen
2593 4603 2668 4679 in
2720 4603 2874 4679 aliis
2933 4604 3287 4705 apparuit,
3341 4629 3474 4680 eos
3503 4602 3750 4679 litteris

524 4715 660 4792 illis
710 4716 955 4804 invita,
1009 4742 1104 4791 ne
1157 4717 1392 4794 dicam
1450 4719 1700 4824 pingui
1754 4719 2106 4809 Minerva,
2172 4732 2246 4797 ut
2294 4726 2525 4822 aJunt,
2580 4746 2878 4823 operam
2931 4720 3241 4797 dedisse.
3345 4721 3502 4798 Nec
3554 4720 3750 4829 quis-

526 4859 743 4940 quam
815 4833 1021 4909 sacile
1099 4838 1499 4939 negaverit,
1580 4838 1785 4946 quod
1849 4847 2135 4940 tempus
2210 4838 2324 4915 isti
2372 4838 2445 4914 in
2491 4839 2628 4916 illis
2672 4839 2924 4917 studiis
2976 4840 3620 4940 consumpsissent,
3674 4840 3750 4915 id

523 4951 760 5028 utilius
839 4951 1164 5052 potuisse
1244 4979 1377 5029 eos
1422 4943 1802 5032 'adhibere
1869 4957 1940 5031 in
2007 4958 2161 5033 aliis
2223 4957 2531 5033 fortasse
2575 4957 2854 5046 litteris,
2908 4966 3106 5034 certe
3155 4958 3230 5033 in
3282 4959 3423 5035 alio
3473 4984 3749 5062 genere

524 5093 796 5170 operae
846 5094 933 5143 ac
983 5068 1283 5158 laboris,
1345 5072 1539 5148 unde
1588 5074 1662 5149 in
1715 5100 2009 5150 omnem
2033 5075 2280 5164 vitam,
2337 5101 2528 5183 quae
2579 5101 2838 5151 severa
2884 5101 3006 5151 res
3059 5085 3197 5165 est,
3253 5076 3525 5184 aliquid
3570 5075 3749 5152 boni

521 5213 608 5263 ac
679 5186 1001 5291 frugiferi
1072 5186 1572 5269 redundasset.
1706 5192 1959 5268 Solent
2023 5193 2354 5300 quidem,
2412 5193 2675 5300 quibus
2730 5220 2823 5270 ne
2868 5194 3024 5271 talis
3075 5194 3369 5301 quidem
3421 5194 3747 5295 displicet

519 5299 921 5381 studiorum
968 5313 1301 5396 eventus,
1359 5308 1432 5383 in
1482 5309 1632 5386 istis
1677 5310 2239 5388 adolescentulis
2296 5336 2491 5387 «non
2537 5311 2874 5387 fautrices
2919 5312 3143 5389 nactis
3194 5312 3487 5388 Musas»
3522 5311 3598 5386 id
3617 5335 3744 5414 ge-
