4984 6517
379 1292 471 1362 41.

3295 549 3514 635 ·8·2

564 776 652 849 lis
713 799 1055 848 zonarum
1107 780 1501 870 mar-mm
1550 798 1788 846 versus
1823 779 2208 872 porrectis,
2257 767 2442 871 pileo
2491 766 2765 869 pallido,
2806 771 2997 845 zonis
3040 767 3184 843 aliis
3217 767 3619 867 angustiori-

564 895 728 980 bus,
802 891 1185 991 depressis,
1261 893 1612 991 glabratis,
1656 891 2172 990 angustioribus.
2275 887 2356 963 In
2431 888 2646 975 forma
2731 889 3024 962 rameali
3103 886 3376 988 pusilla,
3433 885 3617 986 pileo

568 1013 883 1099 tenuiori,
935 1012 1203 1112 postice
1256 1010 1499 1084 adnato
1554 1009 1815 1099 albido,
1864 1036 2000 1083 uno
2055 1010 2353 1084 alterove
2403 1008 2596 1082 sulco
2649 1019 2915 1096 notato,
2960 1007 3201 1083 subtus
3277 1029 3619 1092 concavo,

569 1132 758 1231 poris
809 1131 1077 1203 minutis
1130 1129 1448 1204 confertis
1497 1128 1932 1203 subrotundis
1984 1130 2196 1201 acutis
2247 1127 2751 1201 lutescentibus.

568 1286 648 1362 P.
699 1286 1097 1389 (Come.)
1152 1308 1696 1374 nanna'rnms,
1753 1285 1948 1387 pileo
2013 1284 2575 1361 effuso-reflexo
2648 1283 2990 1358 coriaceo
3060 1280 3260 1358 tenui
3345 1289 3611 1358 zonato

567 1402 1205 1508 strigoso-hirsuto
1258 1403 1904 1481 albo-canescente
1921 1463 1938 1493 ,
2013 1411 2366 1478 contextu
2429 1402 2763 1478 floccoso
2841 1401 3011 1477 albo
3030 1459 3049 1490 ,
3115 1398 3318 1502 poris
3379 1402 3615 1499 maju-

564 1522 782 1599 sculis
837 1521 1192 1626 angulatis
1237 1522 1741 1625 inaequalibus
1796 1522 2054 1611 acutiS,
2109 1521 2408 1597 demum
2461 1520 2768 1596 dentatis
2812 1518 3338 1623 ligneo-fuscis.

667 1665 793 1740 Ad
841 1688 1088 1742 ramos
1140 1674 1217 1742 et
1265 1676 1558 1744 truncos
1614 1677 1949 1745 mortuos
1998 1664 2329 1768 Juniperi
2391 1665 2465 1741 in
2533 1665 2871 1741 Carolina
2921 1664 3234 1741 australi.
3346 1663 3593 1740 Cur-tis

670 1805 963 1882 Habitus
1015 1809 1450 1903 Hexagonae
1498 1820 1826 1900 seriem,
1876 1835 2005 1910 pro
2058 1835 2192 1909 qua
2242 1810 2511 1908 accepi,
2565 1820 2633 1880 at
2694 1809 2873 1882 bene
2940 1806 3325 1896 distinctus,
3386 1809 3615 1908 potius

574 1954 724 2002 cum
776 1929 863 2000 P.
915 1939 1180 2002 arctico
1209 1928 1249 1999 l.
1274 1923 1599 2014 abietino,
1640 1943 1711 2003 et
1749 1956 1835 2004 ex
1871 1929 2257 2002 indumento
2313 1953 2466 2000 cum
2521 1929 2750 2026 priori,
2787 1926 3302 2027 comparandus.
3408 1923 3620 2001 Nunc

575 2047 791 2119 minor
843 2048 1039 2145 (ξ-ί
1104 2050 1311 2146 une),
1364 2046 2056 2133 conchato—reflexus,
2106 2073 2286 2120 nunc
2336 2045 2467 2119 late
2517 2071 2892 2144 expansus,
2939 2057 3122 2119 totus
3169 2046 3616 2144 resupinatus,

571 2165 819 2250 tenuis,
870 2163 1139 2252 flexilis,
1191 2167 1516 2240 unicolor.
1624 2165 1792 2240 Pilis
1869 2164 2265 2264 superficies
2343 2166 2624 2237 vestitur
2698 2163 3200 2264 pulcherrimis,
3253 2164 3615 2263 elongatis,

433 2290 440 2295 ’
572 2283 913 2382 strigosis,
959 2309 1199 2357 versus
1246 2287 1616 2384 marginem
1661 2283 2321 2382 radiato-porrectis,
2372 2308 2511 2355 non
2564 2293 2785 2356 tamen
2868 2281 3463 2370 decumbentibus,
3515 2284 3618 2354 in·

378 2825 470 2892 42.

569 2402 832 2476 terdum
883 2399 1166 2500 pulchre
1217 2402 1654 2491 fasciculatis‚
1705 2403 1892 2476 albis.
1995 2398 2165 2473 Pori
2228 2399 2614 2498 majusculi,
2674 2403 2979 2499 primitus
3034 2400 3451 2488 foveolares,
3503 2426 3618 2472 ro-

575 2520 793 2607 tundi,
846 2521 1091 2620 aperti;
1144 2518 1301 2596 dein
1352 2523 1677 2622 angulati,
1735 2520 2155 2618 inaequales,
2207 2518 2540 2593 interdum
2608 2517 2965 2608 lamellosi,
3032 2519 3313 2608 dentati,
3366 2532 3434 2592 at
3480 2544 3619 2592 non

573 2640 804 2727 laceri,
857 2640 1258 2738 saepissime
1303 2641 1578 2741 oblique
1631 2652 1703 2714 et
1753 2639 1961 2713 latere
2011 2638 2271 2712 hiantes
2285 2694 2311 2757 ,ἢ
2354 2638 2697 2737 protracti.

573 2817 654 2893 P.
710 2816 1108 2920 (Comae.)
1162 2820 1663 2906 C111c101nns,
1715 2816 1910 2920 pileo
1965 2813 2911 2892 coriaceo-membranaceo
2990 2817 3374 2920 applanato
3442 2814 3618 2892 sub-

573 2942 870 3022 zonat0,
928 2935 1130 3011 fibris
1187 2936 1496 3012 rudibus
1547 2962 1807 3013 versus
1884 2934 2287 3039 marginem
2374 2931 3235 3036 decumbenti-porrectis
3292 2934 3617 3037 undique

569 3052 1173 3157 setoso-strigoso
1228 3078 1274 3129 e
1324 3053 1535 3130 fusco
1600 3062 2073 3141 canescente,
2146 3060 2369 3128 strato
2435 3050 2872 3128 intermedio
2924 3054 3349 3129 tenuissimo
3404 3052 3612 3141 albu,

570 3171 772 3272 poris
825 3170 1538 3248 daedaleo-sinuosis
1587 3172 1815 3248 acutis
1863 3171 2131 3274 pallide
2180 3169 2705 3273 ligneo-fuscis..

667 3316 796 3393 Ad
844 3325 1141 3393 truncos
1190 3318 1267 3394 in
1331 3317 1829 3423 Archipelago
1901 3318 2148 3395 indico
2222 3327 2297 3395 et
2358 3316 2424 3395 h.
2476 3317 2523 3394 l.
2588 3319 2909 3421 Cuming.
2966 3321 3279 3425 Philipp.
3327 3350 3394 3397 n.
3439 3331 3621 3400 2026

569 3434 646 3510 in
689 3460 856 3511 meo
911 3436 1229 3538 exempl.

671 3573 1006 3678 Desuper
1084 3581 1434 3678 inspectus
1512 3604 1673 3652 mox
1732 3575 2229 3678 Thelephoram
2304 3579 2743 3654 laciniatum'
2776 3582 2844 3654 in
2902 3582 3293 3654 memoriam
3340 3592 3624 3655 revocat

573 3689 873 3799 (margo
906 3707 1201 3798 pariter
1230 3693 1936 3800 fibram-strigam&
1989 3707 2059 3770 et
2111 3722 2151 3768 a
2199 3698 2285 3769 P.
2337 3699 2650 3770 versatili
2707 3695 3004 3772 Berkel.!
3061 3699 3261 3798 plane
3312 3698 3622 3774 diversus

567 3827 871 3914 apparet.
977 3813 1213 3890 Pileus
1265 3814 1630 3889 admodum
1682 3818 1931 3903 tenuis,
1984 3827 2214 3903 tenax,
2278 3815 2403 3889 sed
2466 3815 2687 3889 mollis
2741 3827 2812 3890 et
2862 3816 3182 3890 flaccidus
3238 3817 3623 3893 flabellisor·

573 3935 728 4020 mis,
781 3934 933 4009 basi
979 3935 1140 4021 lata,
1205 3934 1332 4007 sed
1411 3947 1762 4033 angustata
1840 3934 2135 4021 sessilis,
2187 3938 2264 4034 ⁴}
2313 3961 2464 4008 unc.
2529 3936 2774 4033 longus
2845 3935 3184 4035 latusque,
3233 3935 3623 4012 indumento

577 4053 1106 4127 setoso-fibroso
1160 4053 1302 4126 sere
1359 4054 1600 4126 Tram.
1652 4052 2076 4150 Hydnoidis,
2139 4052 2266 4126 sed
2332 4053 2803 4129 decumbente.
2907 4050 3174 4127 Statum
3239 4055 3623 4130 intermedi-

567 4195 713 4257 um,
764 4172 956 4269 poris
1010 4175 1436 4271 oppositum,
1486 4171 1835 4245 manifeste
1889 4171 2450 4270 longitudinaliter
2530 4170 2954 4262 librillosum,
3029 4198 3436 4273 quamquam
3516 4187 3618 4249 te·

567 4290 993 4377 nuissimum,
1036 4291 1282 4363 album.
1388 4285 1832 4390 Hymenium,
1888 4290 1998 4362 lin.
2049 4302 2120 4362 et
2164 4291 2332 4363 ultra
2379 4319 2715 4379 crassum,
2766 4290 2909 4364 sere
2959 4287 3391 4381 Daedaleae,
3435 4295 3619 4367 sinu-

558 4406 642 4479 lis
693 4407 1055 4507 elongatis,
1111 4408 1463 4496 flexuosis,
1517 4406 1644 4481 sed
1667 4408 2058 4481 intermixtis
2086 4409 2273 4506 poris
2308 4409 2694 4505 majusculis
2738 4408 3205 4498 subrotundis,
3251 4414 3619 4512 praecipue

566 4551 805 4601 versus
859 4529 1259 4625 marginem,
1315 4528 1627 4600 omnibus
1692 4528 1835 4601 acie
1898 4528 2111 4599 acutis
2163 4530 2329 4624 (non
2383 4551 2550 4599 vero
2629 4529 2697 4601 in
2750 4526 2990 4601 dentes
3071 4529 3374 4629 solutis),
3426 4542 3623 4605 extus

451 4684 469 4704 ο
563 4642 1335 4746 fiiscescenti-ligneum,
1389 4647 1567 4719 intus
1617 4672 1783 4719 vero
1829 4645 2076 4718 album.

479 4784 512 4817 ⁴*
561 4782 651 4858 P.
701 4808 1160 4862 VELLBREUS
1211 4785 1444 4861 Berkl
1505 4789 1573 4860 in
1631 4784 1862 4861 Hook.
1917 4783 2142 4859 Lond.
2193 4784 2432 4860 Journ.
2478 4786 2521 4860 l.
2570 4813 2640 4887 p.
2694 4794 2836 4861 464.
2906 4815 2971 4861 n.
3030 4791 3140 4876 ⁴9,
3190 4786 3627 4889 praecedenti

555 4906 897 5005 proxime‘
918 4905 1127 4980 affinis
1180 4919 1316 4994 est,
1370 4904 1494 4980 sed
1545 4906 1776 5005 pileus
1828 4905 2202 4980 reniformis
2253 4904 2549 4992 albidus,
2619 4906 2828 4980 librae
2891 4909 3179 5007 paginae
3254 4907 3625 5008 superioris

569 5035 843 5111 tenues,
916 5023 1589 5123 sericeo-adpressae
1642 5023 1850 5119 (lente
1907 5023 2115 5097 modo
2190 5024 2725 5124 observandae),
2793 5051 3029 5124 margo
3101 5026 3396 5124 integer,
3473 5024 3628 5125 pori

561 5143 730 5215 curti
781 5141 959 5241 (sere
1011 5141 1426 5242 soveolares)
1475 5141 1766 5240 angulati
1817 5167 1948 5215 nec
1998 5144 2270 5216 sinuosi.

369 5306 462 5374 43.
565 5300 654 5376 P.
701 5324 1209 5391 monzuns,
1261 5299 1460 5403 pileo
1514 5299 1857 5375 coriaceo
1892 5300 2095 5376 tenui
2142 5298 2373 5377 flexili
2419 5297 2706 5403 postice
2760 5297 3248 5402 subporrecto
3298 5295 3624 5400 pendulo
