4984 6517
3409 616 3579 703 113

618 833 851 895 centro
905 820 1046 896 fere
1121 823 1482 911 radiantes,
1555 826 1960 924 contiguae,
2042 855 2251 928 parce
2332 853 2673 917 ramosae,
2751 829 3100 928 aequales,
3173 858 3507 922 venosa,
3559 862 3687 910 nec

622 939 798 1013 adeo
870 940 1133 1013 elevato
1169 943 1487 1041 plicatae,
1560 955 1635 1016 ut
1690 947 1757 1018 in
1818 947 2031 1019 tribus
2083 974 2188 1047 sp.
2242 944 2647 1046 Europaeis.
2748 946 3011 1048 Pagina
3087 950 3361 1026 inferior
3407 954 3683 1034 ‚sterilis

622 1083 856 1145 azona,
905 1062 971 1132 in
1022 1060 1173 1133 udis
1225 1063 1421 1134 etiam
1473 1063 1659 1161 nigra
1713 1075 1849 1150 est,
1900 1064 2026 1137 sed
2078 1069 2259 1140 sicca
2308 1067 2935 1166 sericeo-laevigata
2991 1067 3031 1141 l.
3089 1070 3483 1169 subglabra‚
3551 1076 3679 1146 isa-

623 1177 899 1263 belliua,
951 1177 1282 1267 alutacea,
1332 1207 1571 1254 versus
1625 1183 1989 1278 marginem
2038 1184 2253 1257 saltim
2302 1182 2794 1260 fusco-zonata.

532 1318 564 1351 ⁶
615 1317 713 1390 A.
771 1340 1217 1404 numosA,
1281 1317 1865 1408 effuso-reflexa,
1948 1324 2412 1427 cartilagineo
2428 1324 2903 1427 ·‘gelatinosa,
2987 1336 3204 1402 extus
3282 1328 3683 1406 flocculnsa

618 1432 1026 1519 subzonata
1047 1493 1064 1520 ,
1146 1432 1499 1536 hymenio
1577 1437 2009 1541 nigricante,
2099 1441 2305 1542 plicis
2389 1441 2740 1519 brevibus
2818 1443 3217 1545 interrupte
3293 1446 3675 1522 venulnsn.

619 1549 945 1626 Phlebia.
996 1555 1262 1629 Berkel.
1286 1559 1312 1628 !
1366 1557 1541 1629 ined.

724 1700 807 1774 In
827 1676 836 1688 .
860 1699 1138 1775 Sikkim
1186 1700 1642 1802 Himalayae.
1696 1702 1923 1779 Dedit
1969 1707 2338 1806 Berkeley!

719 1851 919 1929 Haec
970 1857 1404 1956 praecedenti
1460 1858 1634 1932 adeo
1693 1857 1936 1945 affinis,
1986 1869 2061 1931 ut
2110 1887 2362 1958 genere
2415 1886 2694 1934 movere
2746 1887 2882 1932 non
2932 1860 3146 1934 liceat.
3250 1857 3499 1936 Differt
3547 1890 3675 1962 pn·-

617 1974 947 2046 tissimum
994 1986 1240 2048 statura
1298 1978 1571 2063 minori,
1621 1977 1803 2076 pileo
1856 1977 2110 2051 reflexo
2139 1990 2207 2051 et
2237 1980 2605 2078 praecipue
2657 1975 2855 2077 plicis
2899 1979 3222 2053 brevibus
3273 1981 3675 2082 interruptis»,

614 2117 747 2164 nec
794 2094 1002 2166 instar
1058 2093 1529 2192 praecedentis
1582 2098 1933 2195 contiguis.
2037 2094 2100 2169 E
2152 2095 2542 2170 charactere
2587 2099 2815 2196 potius
2862 2124 2991 2195 pro
3042 2094 3327 2171 Phlebia
3363 2097 3675 2174 haberes.

424 2239 485 2314 2.
616 2241 712 2316 A.
762 2265 1060 2330 unm-A,
1120 2242 1316 2344 pileo
1369 2240 1759 2319 orbiculari
1807 2243 2535 2345 peltam-resupinato
2612 2242 2814 2317 molli
2863 2242 3096 2331 lento,
3157 2240 3418 2318 subtus
3471 2242 3671 2318 velu-

606 2359 762 2436 tino
808 2385 1082 2449 azono,
1155 2359 1507 2461 hymenio
1589 2361 1918 2437 sublaevi
1965 2359 2934 2463 purpurascenti-umbrino,
2989 2359 3237 2437 medio
3296 2385 3443 2436 una
3495 2362 3667 2438 alte-

614 2501 792 2554 rave
837 2477 1028 2580 plica
1072 2478 1301 2556 modo
1354 2488 1657 2555 costato.

709 2613 837 2689 Ad
885 2621 1187 2689 truncos
1236 2613 1331 2688 ad
1376 2613 1734 2702 Mirador,
1786 2613 2153 2689 Brasiliae.
2208 2611 2567 2686 Liebman.

716 2754 1012 2831 Generis
1064 2783 1253 2829 more
1302 2756 1682 2830 humectata
1732 2757 2070 2830 reviviscit
2144 2755 2416 2855 quidem
2491 2765 2560 2825 at
2608 2756 3214 2846 coriaceo-mollis,
3290 2759 3416 2834 sed
3491 2762 3667 2838 lenta

617 2903 672 2948 s.
722 2875 1505 2974 carfflagineo-carnosa,
1559 2901 1690 2948 nec
1741 2874 2142 2948 tremellosa.
2252 2871 2662 2973 Magnitudo
2720 2875 2806 2946 ab
2860 2878 2926 2973 ξ·
2979 2875 3067 2947 ad
3114 2877 3164 2948 2
3212 2902 3399 2967 unc„
3445 2882 3667 2980 primu

461 3075 474 3088 ,
617 2992 1066 3080 subrotunda‚
1143 2992 1299 3066 dein
1376 2993 1705 3092 oblonga,
1782 3005 1920 3065 tota
1985 2989 2641 3091 peltato-adpressa,
2693 2993 2759 3064 in
2811 2995 3062 3067 ambitu
3107 2995 3344 3069 soluta.
3452 2998 3667 3074 Ποῖ-,π

612 3110 1037 3186 humectatae
1087 3113 1397 3210 utrinque
1476 3110 2404 3211 purpurascenti-umbrinus,
2457 3109 2583 3183 sed
2630 3112 2696 3183 in
2747 3113 2947 3184 siccis
3013 3112 3102 3184 A.
3156 3126 3663 3202 metentes-abae,

608 3243 678 3304 at
729 3232 994 3330 absque
1046 3231 1255 3304 zonis.
1308 3271 1407 3284 —
1460 3224 1617 3302 Hac
1665 3243 1803 3305 tres
1854 3228 2245 3328 pernobiles
2310 3230 2582 3327 species
2632 3230 3044 3328 peculiarem
3092 3234 3366 3330 generis
3418 3238 3663 3307 tribum

608 3351 1039 3422 constituunt.

1046 3487 1294 3564 ConA.
1399 3484 1639 3587 Epicr.
1693 3510 1763 3585 p.
1820 3483 1990 3559 556.
2098 3483 2240 3559 Cfr.
2295 3483 2532 3587 Fung.
2581 3481 2735 3559 Nat.
2790 3510 2860 3584 p.
2908 3484 3029 3560 25.

418 3634 477 3705 1.
604 3630 685 3706 C.
737 3629 1142 3735 (EuconA)
1193 3631 1580 3706 Pavonu.
1684 3629 1925 3731 Epicr.
1976 3628 2020 3703 l.
2073 3654 2134 3703 c.
2199 3628 2518 3731 Theleplt.
2577 3628 2874 3718 Swartz.

704 3782 791 3856 ln
840 3780 1047 3856 India
1099 3780 1552 3887 occidentali
1607 3779 2031 3885 (Benzon),
2114 3779 2301 3853 inter
2372 3777 2769 3853 Parmelias
2843 3777 3168 3879 putridas
3222 3778 3295 3854 S.
3349 3780 3535 3854 Joce
3587 3778 3659 3854 iu

608 3901 834 3975 Costa
885 3899 1065 3973 Rica
1138 3888 1530 4004 (O'rsted),
1604 3898 1679 3972 in
1750 3897 2052 3974 Mexico
2108 3896 2503 3998 praecipue
2580 3897 2771 3971 inter
2849 3921 3150 3972 muscos
3224 3895 3301 3971 in
3368 3922 3659 3971 summu

603 4026 856 4094 monte
910 4017 1251 4094 Orizaba.
1313 4016 1670 4092 Liebman.

705 4165 932 4240 Valde
981 4179 1255 4267 protea,
1332 4165 1458 4239 sed
1535 4167 1757 4237 omnia
1832 4164 2201 4263 specimina
2256 4160 2569 4234 videntur
2639 4159 2923 4232 exoleta.
3051 4156 3299 4233 Plures
3346 4157 3655 4258 distingui

602 4298 893 4386 possent
942 4285 1197 4359 formae
1266 4313 1330 4358 v.
1386 4312 1444 4358 c.
1498 4281 1944 4367 umbilicalis,
2020 4281 2201 4380 pileo
2278 4282 2560 4377 integro·
2621 4276 3194 4376 repando-lobato
3270 4276 3458 4350 viridi
3539 4306 3657 4350 ex-

605 4405 933 4504 pallente,
988 4407 1212 4505 stipite
1264 4404 1535 4478 centrali
1585 4402 1933 4500 elongato,
1983 4399 2300 4502 hymenio
2358 4397 2648 4496 (soluto)
2704 4385 3511 4470 flocculoso-fiirfiiraceo.

404 4545 468 4619 2.
601 4547 686 4621 G.
738 4548 1102 4650 (Cursu)
1155 4568 1497 4625 smmum.
1602 4543 1836 4645 Fung.
1892 4539 2046 4617 Nat.
2102 4540 2146 4616 l.
2195 4565 2255 4614 c.
2323 4539 2643 4641 Theleph.
2704 4537 3004 4613 Swartz.

711 4696 896 4769 Cum
942 4694 1455 4795 praecedente.

1442 4831 1901 4908 Con'rlcmm.
2007 4829 2249 4932 Epicr.
2308 4855 2376 4931 p.
2429 4829 2601 4906 556.

710 4973 1169 5076 Sporophora
1222 4977 1419 5048 etiam
1487 4974 1687 5074 hujus
1762 4975 2033 5073 generis
2084 4999 2241 5047 esse
2294 4985 2882 5074 tetra-exospora,
2933 4985 3008 5046 ut
3057 4974 3124 5046 in
3176 4973 3467 5072 reliquis,
3519 4978 3651 5070 jam

607 5093 869 5194 pridem
931 5095 1257 5194 exposui,
1307 5107 1382 5167 ut
1434 5096 1631 5167 etiam
1713 5094 2039 5165 rationem
2112 5094 2360 5166 erroris
2438 5095 2680 5193 optici‚
2765 5119 2901 5192 quo
2979 5090 3366 5191 endospora
3444 5118 3655 5190 saepe

608 5225 970 5312 apparent,
1016 5213 1147 5287 sed
1195 5213 1548 5313 morphosi
1600 5225 1670 5288 et
1719 5211 2011 5314 hymenii
2062 5211 2289 5285 indole
2336 5238 2375 5285 a
2426 5210 2995 5312 praecedentibus
3021 5221 3255 5318 natura
3299 5212 3450 5310 ipsa
3479 5214 3655 5286 clare

3360 5351 3451 5427 15
