4984 6517
3410 583 3581 671 117·

636 828 786 876 mos
841 803 1234 902 pauciores,
1281 826 1494 902 parce
1530 797 2125 887 subdichotomos,
2177 803 2428 874 teretes
2472 795 2514 870 l.
2566 797 2635 871 in
2682 798 2892 871 axillis
2944 823 3415 898 compressos,
3465 799 3678 900 longi·

635 920 863 997 tudine
915 922 1324 1021 inaequales,
1429 918 1635 994 Sicca
1684 920 1895 1020 polita
1945 927 2015 995 et
2061 916 2264 992 nitida
2319 922 2458 1005 est,
2510 922 2579 989 at
2623 917 2922 990 colorem
2973 943 3106 989 non
3158 922 3385 992 mutat.

805 1112 1200 1188 Pulsum.
1305 1108 1514 1186 Fries
1566 1109 1640 1185 in
1689 1110 1896 1186 Linn.
1957 1111 2173 1187 1830.
2231 1110 2505 1186 Summ.
2556 1109 2744 1213 Veg.
2803 1109 2921 1184 Sc.
2976 1136 3047 1211 p.
3096 1110 3305 1188 339.!

674 1261 1018 1334 Mer-ima
1071 1258 1210 1358 (pr.
1264 1260 1374 1359 p.)
1423 1254 1716 1333 Leveill.
1767 1256 1847 1331 in
1897 1257 2091 1333 Ann.
2143 1257 2258 1332 Sc.
2307 1255 2460 1332 Nat.
2520 1260 2735 1334 1846.
2785 1283 2927 1334 nec
2976 1259 3210 1334 Alior.

467 1456 486 1473 .
634 1399 714 1473 Ρ.
767 1419 1304 1483 pannomiam,
1366 1395 1890 1485 ramosissima,
1958 1396 2401 1497 pallescenS,
2481 1398 2700 1473 ramis
2765 1397 3118 1511 teretibus
3178 1399 3469 1501 patulis,
3538 1397 3678 1500 hy-

627 1515 873 1591 menio
947 1514 1222 1590 vestitis
1241 1574 1260 1601 ,
1341 1513 1549 1615 apice
1621 1515 2068 1615 compressis
2134 1514 2499 1589 sterilibus
2571 1515 2887 1592 rubellis.
3005 1517 3196 1594 Clav.
3245 1521 3675 1594 dendroidea.

626 1632 891 1737 Jungh.
946 1634 1100 1708 δαν.
1153 1660 1222 1735 p.
1279 1634 1397 1708 33.
1454 1631 1498 1706 s.
1556 1634 1676 1708 20.

731 1774 814 1850 In
870 1770 1103 1849 insula
1148 1772 1346 1846 Java.
1452 1771 1861 1869 Junghuhn.

735 1910 1031 2013 Species
1085 1911 1609 1998 distinctissima,
1685 1909 2034 1986 manifeste
2083 1916 2307 1985 tamen
2352 1912 2687 2012 simplicis
2754 1920 2825 1988 et
2868 1912 3275 2016 Europaeae
3347 1916 3680 1990 Pterulae

628 2029 995 2105 subulam
1038 2030 1080 2103 l.
1109 2057 1168 2102 c.
1199 2056 1559 2129 congener.
1669 2026 1845 2103 Cum
1893 2026 2396 2106 Merismatibus
2441 2029 2526 2104 P.
2577 2032 2705 2106 hae
2757 2034 3022 2132 plantae
3074 2035 3456 2134 neutiquam
3486 2062 3674 2109 com-

622 2149 982 2250 parandae.
1082 2147 1157 2223 A
1209 2147 1536 2223 Clavariis
1589 2147 1897 2222 differunt
1943 2175 2080 2220 non
2139 2148 2347 2221 modo
2418 2150 2785 2224 substantia
2833 2157 2902 2227 et
2953 2154 3257 2252 apicibus
3308 2154 3676 2242 sterilibus,

623 2267 750 2342 sed
805 2271 1173 2369 praecipue
1215 2267 1530 2369 hymenio
1577 2266 2071 2366 heterogeneo,
2121 2293 2346 2340 ramos
2396 2271 2831 2343 circumcirca
2880 2274 3243 2361 vestiente,
3315 2299 3354 2347 e
3427 2300 3673 2373 sporo·

620 2387 855 2487 phoris
906 2389 1302 2489 teti-asperis
1354 2388 1637 2461 exsertis
1689 2387 1881 2486 quasi
1931 2385 2206 2460 villoso·
2257 2385 2279 2457 l
2350 2385 3034 2462 farinoso-corticatis.

718 2536 1047 2641 Reliquas
1100 2539 1187 2612 ad
1236 2538 1373 2612 hoe
1420 2564 1638 2637 genus
1688 2536 2074 2612 referendas
2121 2541 2424 2639 species,
2480 2547 2805 2639 quatenus
2855 2543 3014 2617 mihi
3086 2545 3538 2635 innotuerunt,
3608 2546 3674 2616 in

626 2655 704 2731 S.
763 2657 853 2733 V.
903 2655 1022 2732 Sc.
1078 2660 1418 2746 recensui;
1469 2657 1629 2730 alias
1681 2655 1935 2728 addidit
1985 2654 2132 2731 Cel.
2184 2654 2511 2733 Leveille.

1478 2838 1922 2917 Cnocmu.
2026 2839 2267 2943 Epicr.
2321 2866 2391 2943 p.
2446 2841 2616 2918 580.

481 3040 496 3057 .
629 2983 707 3058 C.
762 3002 1178 3068 amna,
1239 2981 1678 3083 caespitosa,
1757 2983 2390 3068 flammeo-rosea,
2475 2978 2773 3055 clavulis
2823 2976 3272 3080 simplicibus
3321 2972 3670 3052 subulatis

623 3098 983 3188 laevibus,
1037 3098 1198 3176 basi
1247 3099 1750 3203 pallidioribus
1800 3097 2090 3203 glabris

722 3244 852 3320 Ad
896 3252 1198 3321 truncos
1248 3243 1324 3318 in
1380 3245 1616 3319 Costa.
1654 3243 1855 3319 Rica.
1966 3231 2236 3319 O‘rsted.
2291 3240 2381 3316 ic.
2435 3243 2555 3315 40.

735 3387 811 3465 C.
868 3420 1151 3465 corneae
1201 3389 1441 3478 affinis,
1497 3393 1610 3463 vix
1687 3390 1951 3464 diversa
2025 3393 2149 3464 nisi
2224 3389 2457 3464 colore
2506 3386 2955 3487 pulcherrimo
3009 3391 3080 3459 et
3131 3384 3404 3459 clavulis
3454 3383 3669 3482 longi-

630 3510 855 3584 oribus
908 3510 1077 3581 ultra
1128 3510 1390 3581 unciam
1445 3509 1691 3607 longis,
1744 3535 1782 3580 a
1834 3510 1981 3584 basi
2024 3511 2091 3582 in
2142 3510 2405 3608 apicem
2460 3514 2725 3580 acutum
2775 3504 3138 3604 aequaliter
3187 3504 3554 3577 attenuatis.

1402 3694 1843 3771 ΗιιικιεοιΑ.
1946 3695 2178 3797 Fung.
2231 3693 2388 3771 Nat.
2450 3720 2520 3797 p.
2577 3694 2696 3770 25.

724 3840 887 3916 Hoc
951 3870 1166 3942 genus
1232 3845 1319 3919 ab
1383 3842 1644 3919 Exidiis
1711 3847 2011 3945 genuinis
2084 3852 2153 3919 et
2223 3844 2642 3947 Europaeis,
2726 3874 2879 3921 cum
2953 3847 3196 3946 quibus
3267 3870 3667 3919 numerosae

627 3962 820 4060 hujus
861 3965 1132 4062 species
1182 3972 1507 4037 terrarum
1556 3963 1945 4038 calidiorum
2030 3966 2347 4040 confusae
2427 3973 2608 4054 sunt,
2666 3966 2862 4067 plane
2914 3970 3020 4039 est
3087 3963 3425 4037 diversum
3506 3964 3667 4036 sub-

626 4084 890 4169 stantia,
941 4086 1302 4168 structura,
1377 4080 1692 4182 hymenio
1768 4111 2129 4184 numquam
2206 4084 3070 4184 heterogeneopapilloso!
3152 4080 3378 4156 Multo
3451 4083 3666 4180 magis

620 4201 773 4272 mihi
822 4199 1133 4274 videntur
1185 4199 1415 4273 affines
1465 4198 1937 4289 Auriculariis‚
1986 4205 2052 4274 in
2111 4204 2354 4302 quibus
2405 4229 2570 4277 vero
2622 4201 3005 4303 hymenium
3058 4201 3324 4276 definite
3384 4201 3664 4276 inferum

626 4319 714 4412 (in
766 4315 1110 4392 Hirneolis
1158 4324 1228 4392 et
1276 4316 1536 4393 Exidiis
1603 4319 1869 4392 definite
1932 4323 2316 4420 superum),
2383 4321 2604 4420 pileus
2651 4322 2997 4394 coriaceus
3077 4321 3487 4394 subzonatus
3539 4329 3665 4393 etc.

619 4432 983 4510 Hirneolae
1029 4437 1451 4511 humectatae
1504 4439 1909 4511 revivisctmt
1986 4440 2350 4527 tremulae,
2427 4437 2553 4512 sed
2627 4466 2762 4511 non
2837 4440 3126 4538 gelatina
3196 4439 3522 4512 distentae
3572 4441 3665 4513 uti

626 4552 904 4631 Exidiae
962 4562 1030 4630 et
1078 4557 1400 4656 plurimae
1453 4551 1933 4629 Auriculariae.
2039 4554 2298 4631 Discus
2336 4559 2612 4657 insuper
2658 4558 2988 4632 discretus
3032 4563 3103 4631 et
3154 4557 3461 4632 distincte
3488 4584 3664 4631 mar-

623 4677 914 4772 ginatus,
985 4681 1058 4748 ut
1127 4680 1377 4748 tantum
1449 4700 1761 4747 ascorum
1814 4673 2086 4749 defectu
2137 4682 2535 4776 separentur
2607 4703 2648 4748 a
2717 4673 3345 4779 Discomycetibus.
3401 4720 3495 4735 —
3546 4672 3664 4749 De

623 4788 1107 4882 thslomA,
1164 4793 1378 4866 forma
1434 4818 1707 4892 quoque
1768 4793 1993 4883 simili,
2072 4793 2197 4868 sed
2247 4800 2577 4869 structura
2627 4795 2796 4869 disci
2845 4792 3405 4898 DacrymycetiS,
3457 4794 3663 4868 confr.

626 4912 1162 4987 observationem
1198 4913 1326 4985 sub
1384 4908 1704 4984 Corticio.

477 5118 492 5134 .
623 5062 706 5139 Η.
760 5089 1276 5143 romu-mem.
1361 5065 1594 5169 Fung.
1657 5065 1813 5142 Nat.
1868 5093 1937 5168 p.
1992 5068 2110 5142 26.
2191 5071 2487 5146 Exidia.
2557 5067 2928 5175 Montagn.
2998 5098 3108 5131 ·-
3190 5066 3452 5173 Jungh.
3503 5067 3657 5143 Jav.

674 5241 689 5257 .
744 5186 864 5260 25.
921 5183 967 5258 f.
1026 5185 1144 5259 23.

632 5208 671 5282 p
721 5327 846 5405 Ad
905 5329 1051 5405 San
1120 5330 1305 5405 Joce
1357 5327 1433 5403 in
1484 5329 1707 5405 Costa
1750 5327 1949 5404 Rica.
2067 5314 2333 5405 O'rsted.
