4984 6517
3504 642 3619 704 vn

1601 869 2032 937 Blembra
2097 829 2657 939 ordinaria.

518 1067 1028 1146 BREDMAN
1078 1029 1523 1166 (Johanues),
1571 1064 2028 1142 Astronomiae
2061 1067 2426 1148 Professor
2454 1067 2877 1169 Upsaliensis
2910 1072 3253 1155 emeritus,
3278 1066 3516 1169 Eques
3546 1066 3725 1167 Reg.

726 1186 896 1261 Ord.
940 1189 1025 1263 de
1080 1186 1291 1261 Stella
1343 1184 1590 1259 Polari.

518 1320 1202 1397 LAGERHJELM
1252 1319 1598 1419 (Petrus),
1647 1316 1852 1417 Regii
1908 1318 2192 1420 Collegii
2246 1321 2571 1398 Metallici
2621 1321 2992 1410 Assessor,
3043 1321 3282 1420 Eques
3330 1316 3509 1420 Reg.
3557 1318 3726 1393 Ord.

720 1440 804 1516 de
858 1440 1069 1516 Stella
1126 1438 1373 1513 Polari.

516 1572 1064 1649 HANSTEEN
1119 1571 1611 1671 (Christoph.),
1640 1568 2047 1647 Matheseos
2079 1573 2445 1651 Professor
2476 1574 3042 1663 Christianiensis,
3078 1573 3316 1675 Eques
3343 1572 3522 1676 Reg.
3558 1573 3727 1649 Ord.

723 1693 809 1767 de
867 1692 1077 1768 Stella
1130 1692 1395 1780 Polari,
1446 1687 1670 1788 Regg.
1740 1685 1957 1762 Ordd.
2014 1692 2099 1766 de
2150 1691 2228 1767 S.
2286 1692 2531 1781 Olavo‚
2584 1721 2734 1768 cum
2788 1695 3120 1794 grandiori
3176 1692 3417 1768 Crucis
3457 1696 3724 1793 insigni,

719 1838 847 1885 nec
895 1840 1027 1886 non
1083 1813 1169 1886 de
1221 1810 1618 1906 Danebrog.
1674 1803 2233 1898 Commendator‚
2283 1809 2609 1911 Legionis
2661 1811 2966 1887 Honoris
3022 1811 3277 1912 Eques.

522 1940 1191 2020 WALMSTEDT
1241 1944 1476 2042 (Laur.
1527 1942 1780 2039 Petu),
1836 1939 2137 2017 Chemiae
2184 1944 2551 2021 Professor
2581 1945 3301 2047 Upsaliensis,Eques
3337 1944 3516 2047 Reg.
3554 1945 3723 2020 Ord.

725 2062 808 2135 de
860 2062 1071 2139 Stella
1124 2063 1371 2138 Polari.
1408 2125 1427 2142 .

525 2182 1077 2272 SCHRODER
1132 2198 1320 2295 (Joh.
1371 2197 1649 2294 Herm),
1695 2191 1772 2267 S.
1825 2192 2066 2270 Theol.
2119 2215 2186 2272 et
2235 2198 2489 2273 Philos.
2542 2198 2843 2287 Doctor,
2888 2197 3206 2274 Historiae
3277 2211 3346 2273 et
3394 2199 3726 2274 Archaeo-

720 2316 919 2413 logiae
973 2316 1339 2392 Professor
1390 2315 1846 2416 Upsaliensis,
1890 2311 2453 2392 Bibliothecarius
2504 2318 2928 2405 Academiae,
2979 2316 3352 2392 Praefectus
3389 2316 3725 2391 Nummo-

718 2433 1041 2535 phylacii,
1096 2435 1321 2536 Regg.
1377 2432 1593 2508 Ordd.
1649 2458 1706 2503 a.
1759 2430 1822 2502 h.
1875 2429 2507 2535 Historiographus,
2558 2433 2902 2510 de·Stella
2959 2433 3185 2509 Polari
3237 2449 3307 2511 et
3331 2434 3725 2536 Danebrog.

721 2579 846 2625 nec
897 2581 1027 2626 non
1077 2555 1161 2628 de
1215 2552 1291 2628 S.
1346 2551 1697 2625 Salvatore
1755 2545 1981 2623 Graec.
2036 2578 2187 2625 cum
2233 2581 2431 2629 aurea
2479 2553 2739 2643 Cruce,
2787 2552 3046 2653 Eques.

532 2697 1040 2778 HWASSER
1085 2705 1385 2810 (Israel),
1440 2709 1631 2785 Med.
1682 2717 1750 2787 et
1798 2704 2053 2778 Philos.
2108 2702 2413 2792 Doctor,
2465 2703 2835 2780 Medicinae
2889 2704 3254 2780 Professor
3302 2703 3724 2806 Upsaliensis

720 2826 1071 2909 emeritus,
1123 2822 1299 2923 Reg.
1355 2825 1523 2902 Ord.
1576 2829 1663 2904 de
1717 2826 1926 2902 Stella
1979 2822 2209 2897 Polari
2256 2834 2326 2897 et
2370 2823 2455 2897 de
2508 2820 2586 2897 S.
2634 2821 3042 2899 Wladimiro
3092 2827 3158 2898 in
3189 2823 3441 2899 CLIV.
3466 2823 3725 2924 Eques,

724 2937 1113 3014 Academiae
1166 2941 1498 3020 Svecanae
1553 2946 2078 3022 Octodecimvir.

524 3072 815 3148 FRIES
858 3073 1143 3175 (Elias),
1198 3075 1640 3155 Oeconomiae
1684 3084 2000 3181 practicae
2048 3074 2414 3150 Professor
2463 3073 2923 3174 Upsaliensis,
2981 3074 3159 3175 Reg.
3190 3074 3360 3151 ord.
3389 3076 3475 3152 de
3512 3075 3725 3151 Stella

719 3191 946 3266 Polari
1017 3191 1574 3286 Commendator‚
1650 3197 1821 3273 Ord.
1884 3196 2280 3294 Danebrog.
2352 3191 2628 3293 Eques,
2678 3191 3071 3267 Academiae
3122 3190 3455 3270 Svecanae
3507 3195 3725 3271 Octo-

723 3311 1070 3400 decimvir,
1116 3310 1294 3412 Reg.
1346 3313 1706 3391 Societatis
1757 3315 2199 3391 Secretarius.

524 3429 1020 3520 EKSTROM
1073 3445 1263 3544 (Car.
1309 3446 1604 3551 Udalr.),
1654 3451 1904 3526 Pastor
1952 3461 2020 3524 et
2067 3446 2489 3546 Praepositus
2541 3443 2938 3543 Tjornensis
2989 3449 3052 3520 in
3105 3445 3726 3524 DioecesiGotho-

723 3565 1071 3662 burgensi,
1122 3564 1300 3665 Reg.
1363 3565 1533 3641 Ord.
1586 3569 1672 3643 de
1725 3567 1939 3644 Stella
1989 3565 2216 3639 Polari
2267 3563 2679 3639 Membrum.

527 3697 1086 3776 SVANBERG
1154 3699 1549 3801 (Adolphus
1617 3702 2097 3803 Ferdinand.),
2168 3699 2505 3803 Physices
2577 3698 2943 3775 Professor
3018 3697 3472 3800 Upsaliensis,
3546 3701 3725 3802 Reg.

728 3816 898 3891 Ord.
954 3818 1038 3892 de
1093 3815 1302 3892 Stella
1356 3818 1583 3894 Polari
1636 3822 1892 3924 Eques.

524 3951 961 4027 RETZIUS
1040 3952 1288 4052 (Andr.
1342 3953 1710 4058 Adelph),
1785 3956 1982 4032 Med.
2032 3953 2336 4042 Doctor,
2412 3952 2790 4026 Anatomiae
2845 3951 3207 4027 Professor
3282 3953 3727 4043 Holmiensis‚

723 4069 947 4172 Regg.
1004 4070 1219 4147 Ordd.
1270 4074 1357 4148 de
1410 4073 1619 4149 Stella
1675 4074 1902 4150 Polari
1955 4088 2022 4147 et
2068 4071 2465 4171 Danebrog.
2518 4070 2774 4170 Eques.

524 4204 1163 4281 HEDENBORG
1229 4207 1482 4308 (soh),
1555 4207 1746 4284 Med.
1802 4208 2075 4284 Doctor
2124 4219 2194 4282 et
2240 4205 2637 4293 Professor,
2697 4203 3105 4279 Consulatus
3169 4203 3372 4281 Svec.
3419 4219 3488 4283 et
3536 4206 3726 4302 Nor-

726 4352 874 4424 veg.
923 4327 985 4398 in
1039 4324 1441 4400 Alexandria
1490 4325 1944 4418 Secretarius,
1994 4325 2223 4426 Regg.
2282 4325 2501 4400 Ordd.
2559 4325 2645 4398 de
2692 4320 2907 4397 Stella
2960 4320 3187 4397 Polari
3240 4336 3309 4399 et
3360 4324 3447 4400 de
3501 4323 3725 4400 Wasa

720 4441 978 4542 Eques.

521 4574 967 4652 NILSSON
1021 4576 1357 4680 (Sveno),
1413 4579 1589 4655 Hist.
1651 4579 1810 4654 Nat.
1860 4578 2229 4653 Professor
2277 4576 2693 4666 Lundensis,
2740 4575 3131 4652 Membrum
3177 4573 3358 4677 Reg.
3413 4576 3582 4653 Ord.
3641 4580 3728 4656 de

721 4695 931 4770 Stella
984 4695 1211 4772 Polari
1263 4727 1392 4774 nec
1443 4727 1576 4773 non
1635 4696 1861 4799 Regg.
1912 4696 2130 4772 Ordd.
2185 4696 2271 4771 de
2337 4695 2558 4770 Wasa
2611 4707 2679 4770 et
2729 4694 3124 4795 Dauebrog.
3183 4693 3728 4776 commendator.

530 4827 1403 4908 GYLLENSTJERNA
1455 4834 1644 4933 (Nic.
1700 4833 2158 4934 christoph),
2202 4829 2356 4908 Lib.
2411 4830 2635 4920 Baro,
2685 4829 3148 4905 cubicularius
3196 4826 3498 4932 Regius,
3549 4832 3727 4937 Reg.

728 4946 899 5023 ord.
953 4947 1321 5026 Ensiferor.
1372 4951 1634 5053 Eques.

527 5079 1143 5159 LAESTADIUS
1196 5083 1427 5182 (Laur.
1478 5086 1720 5187 Levi),
1772 5086 2022 5161 Pastor
2068 5085 2403 5161 Ecclesiae
2449 5083 2894 5160 Karasuando
2944 5080 3342 5184 Lapponiae.

529 5215 1105 5295 TORNBERG
1149 5218 1340 5317 (Car.
1398 5220 1624 5320 Joh.),
1674 5218 1825 5296 LL.
1873 5220 2037 5297 ΟΟ.
2083 5220 2450 5298 Professor
2501 5220 2900 5296 Lundensis.

526 5349 1089 5430 SVANBERG
1143 5352 1448 5459 (Gust),
1517 5354 1972 5433 Astronomiae
2016 5353 2384 5433 Professor
2432 5353 2872 5458 Upsaliensis.
