4984 6517
3403 628 3514 714 89

601 856 750 906 vero
803 838 846 905 2
893 828 1001 905 lin.
1056 832 1401 933 profundi,
1452 833 1831 908 mediocres
1883 845 1953 908 et
1991 833 2328 938 hymenio,
2371 848 2445 910 ut
2487 864 2697 938 saepe
2746 838 2849 927 fit,
2904 841 3293 917 colliculoso
3343 845 3385 918 Ι.
3441 846 3623 919 inae-

603 951 839 1052 quabili
893 951 1185 1050 elongati
1230 966 1300 1028 et
1350 955 1621 1027 sinuosi.
1687 951 2009 1068 ¹Fungus
2061 954 2327 1029 videtur
2372 982 2755 1057 perennans
2805 971 2873 1032 et
2924 988 3251 1052 annosus,
3316 977 3383 1036 at
3431 991 3623 1038 num-

602 1095 789 1168 quam
842 1081 1192 1144 stratosus.

437 1219 515 1287 46.
600 1209 674 1283 Ρ.
730 1208 1239 1312 (comesus)
1291 1233 1713 1298 scona-Em,
1792 1208 1988 1311 pileo
2064 1208 2405 1285 coriaceo
2455 1213 2795 1315 utrinque
2852 1218 3232 1318 applanato
3307 1244 3623 1295 concern*

594 1326 762 1402 trice
815 1325 1094 1402 sulcato
1164 1337 1580 1431 zonatoque
1645 1327 2299 1430 villoso-scruposo
2346 1332 3059 1436 aerugineo-griseo,
3113 1344 3463 1412 contextu
3515 1346 3623 1414 te*

593 1442 940 1519 nuissimo
990 1444 1630 1550 alutaceo-ligneo,
1682 1446 1885 1547 poris
1938 1446 2199 1523 mediis
2269 1447 3117 1556 subrotundo-angulatis
3181 1453 3458 1531 obtusis
3515 1454 3623 1530 di-

592 1561 732 1636 lute
788 1560 1657 1640 helvolo-cinnamomeis.

685 1700 812 1775 Ad
854 1710 1156 1777 truncos
1205 1703 1282 1777 in
1331 1702 1750 1779 Pulo-Milu.
1856 1705 2280 1778 Didrichsen
2331 1734 2398 1779 n.
2447 1714 2556 1782 24.

685 1838 989 1916 Maxima
1042 1853 1113 1915 et
1163 1841 1480 1916 latissima
1527 1845 1795 1943 species
1862 1842 1930 1914 in
1991 1842 2168 1916 tribu
2240 1841 2760 1930 Coriaceorum,
2816 1842 3036 1916 media
3086 1846 3257 1917 inter
3321 1842 3623 1916 Versicu-

589 1961 752 2035 Iores
804 1972 875 2034 et
943 1961 1358 2034 lutescmtes.
1454 1957 1689 2036 Pileus
1761 1963 2142 2048 coriaceus,
2193 1960 2481 2060 rigidus,
2535 1963 2840 2060 utrinque
2894 1963 3131 2035 eximie
3196 1963 3623 2061 applanatu3,

585 2079 985 2167 dimidiatus,
1064 2105 1265 2153 secus
1336 2090 1546 2152 totum
1613 2080 2003 2155 diametrum
2060 2078 2179 2177 (ad
2231 2077 2712 2179 spithamaeam
2789 2079 3228 2180 latitudinem)
3307 2081 3619 2170 adnatu5‚

591 2203 627 2269 4
674 2224 824 2270 unc.
878 2223 1094 2296 usque
1141 2197 1332 2270 latus.
1436 2194 1852 2298 Superlicies
1904 2199 2092 2270 zonis
2155 2199 2494 2297 sulcisque
2550 2200 2992 2272 concentricis
3071 2201 3441 2298 variegata,
3496 2202 3619 2272 vil-

587 2317 649 2389 lo
699 2318 1004 2389 intricato
1056 2317 1322 2404 vestita,
1371 2317 1602 2389 colore
1654 2316 1973 2416 peculiari
2022 2318 2250 2415 griseo
2307 2319 2375 2390 in
2430 2320 2861 2417 aerugineum
2913 2329 3258 2416 vergente.
3363 2314 3619 2418 Margo

590 2437 1036 2521 acutissimus,
1107 2437 1393 2508 strictus.
1494 2432 1662 2507 Pori
1738 2436 2119 2531 majusculi,
2170 2434 2362 2509 facile
2441 2437 2791 2535 conspicui
2845 2435 3240 2508 subrotundi
3294 2436 3334 2507 l.
3386 2436 3623 2510 leviter

588 2554 899 2652 angulati,
971 2552 1227 2641 obtusi,
1295 2553 1736 2652 integerrimi,
1808 2555 2159 2626 maximam
2212 2565 2475 2651 partem
2547 2554 2954 2627 substantiae
3018 2555 3329 2627 sistentes
3384 2557 3456 2652 (2
3509 2555 3619 2630 lin.

588 2671 829 2772 longi),
882 2671 1289 2746 substantiae
1340 2673 1521 2746 tenui
1570 2670 1929 2746 fibrillosae
1978 2671 2137 2770 pilei
2190 2674 2521 2770 oppositi,
2571 2684 2779 2744 trama
2827 2669 3171 2745 manifesta
3222 2674 3615 2747 obscuriori.

426 2821 503 2888 47.
588 2814 663 2888 Ρ.
720 2814 1113 2916 (Come.)
1167 2834 1665 2889 cmouu'rus.
1773 2809 2013 2911 Epicr.
2063 2836 2133 2912 p.
2195 2818 2338 2886 476.

677 2958 761 3033 In
802 2956 1059 3044 Indiis;
1112 2965 1257 3032 tam
1320 2954 1682 3042 orientali,
1736 2961 1884 3030 tam
1936 2954 2369 3032 occidentali
2417 2956 2616 3059 pileo
2683 2953 2870 3030 hirto
2925 2955 3279 3057 zonisque
3330 2955 3615 3059 glabra-

592 3075 677 3151 tis
722 3074 1257 3151 rufescentibus
1307 3073 1517 3150 facile
1570 3073 1963 3150 distinctus,

677 3225 764 3295 Ρ.
816 3233 1289 3319 nigrocinctus
1341 3221 1552 3298 Berk.
1606 3220 1786 3296 Ann.
1840 3220 2001 3296 Nat.
2053 3220 2230 3297 Hist.
2283 3221 2360 3296 X
2411 3223 2622 3296 affinis
2673 3219 2943 3307 dicitur,
3015 3231 3083 3291 at
3140 3221 3386 3309 minor,
3438 3246 3615 3294 mar·-

587 3342 735 3439 gine
786 3341 1128 3431 brunneo,
1173 3342 1330 3415 villo
1385 3343 1676 3441 strigoso
1731 3343 2020 3414 cinereo.

457 3509 507 3558 c.
560 3483 865 3559 Subtrib.
923 3489 1009 3560 Ρ.
1061 3486 1479 3573 luten-entis,
1532 3489 1881 3558 contextu
1940 3479 2580 3583 fulvoferrugineO.
2688 3477 2829 3552 Cfr.
2896 3477 3053 3552 obs.
3125 3477 3222 3552 ad
3285 3475 3559 3553 calcem

541 3614 607 3678 et
651 3606 735 3678 P.
787 3603 1254 3701 galbanatum
1299 3602 1517 3678 Berk.
1563 3601 1757 3677 Anu.
1807 3598 1964 3675 Nat.
2012 3599 2195 3674 Hist.
2247 3599 2320 3674 X
2360 3623 2431 3700 p.
2488 3606 2612 3672 377
2663 3621 2830 3671 cum
2885 3600 2968 3671 Ρ.
3029 3596 3459 3703 lucescente).

417 3791 498 3860 48.
584 3787 659 3861 P.
718 3787 1112 3887 (Come.)
1155 3746 1563 3864 Tonnmus.
1667 3782 1909 3885 Epicr.
1964 3807 2033 3882 p.
2092 3789 2233 3855 490.
2369 3787 2386 3798 ‘

674 3927 802 4002 Ad
849 3937 1151 4003 truncos
1201 3928 1277 4002 in
1330 3927 1639 4014 Guinea,
1739 3926 2065 4025 Afzelius
2114 3934 2199 3996 ic.
2252 3922 2349 3996 17.

677 4066 963 4168 Fungus
1017 4070 1216 4143 valde
1267 4068 1792 4172 polymorphus,
1833 4064 2213 4164 irregularis
2267 4086 2306 4135 e
2356 4060 2540 4134 varia
2593 4069 2808 4131 aetate
2871 4071 2940 4132 et
3006 4060 3289 4133 statione
3371 4053 3603 4128 admu-

584 4185 733 4259 dum
782 4188 1150 4275 mutabilis,
1202 4187 1371 4262 facie
1424 4189 1570 4263 rudi
1624 4200 1694 4262 et
1730 4184 1996 4259 torrida.
2099 4180 2331 4255 Pileus
2380 4180 3136 4263 suberoso-coriaceus,
3190 4187 3257 4246 at
3316 4201 3402 4249 ex
3464 4202 3607 4247 ma-

582 4308 746 4378 xima
795 4317 990 4405 parte
1042 4332 1081 4378 e
1131 4309 1321 4404 poris
1369 4306 1720 4408 profundis
1773 4314 2167 4403 compactus
2219 4300 2608 4398 (contextus
2662 4295 3019 4368 fibrillosus
3067 4293 3371 4368 fulvellus
3431 4297 3607 4368 enim

586 4416 939 4498 admodum
992 4426 1271 4522 tenuis),
1316 4428 1581 4525 postice
1633 4427 1914 4525 gibbus,
1968 4422 2335 4520 marginem
2386 4428 2650 4489 acutum
2701 4440 2939 4487 versus
2988 4424 3390 4500 attenuatus,
3442 4440 3607 4513 pru-

584 4541 773 4618 funde
822 4545 1253 4617 concentrice
1309 4545 1600 4619 sulcatus
1655 4556 1724 4618 et
1768 4541 2234 4641 inaequabilis,
2287 4537 2518 4611 colore
2575 4530 2849 4607 sordide
2920 4531 3603 4605 fuscescente-cinna-

584 4688 864 4735 momeo.
966 4659 1207 4736 Junior
1250 4675 1663 4751 contractus,
1714 4662 1978 4736 lobatus
2029 4659 2481 4758 plicatusque,
2536 4654 2749 4752 magis
2816 4677 3190 4738 convexus,
3240 4651 3603 4734 velutinu3‚

583 4779 915 4868 helvolus3
965 4781 1226 4854 adultus
1276 4780 1547 4879 planus,
1600 4789 1640 4854 4
1688 4807 1838 4853 unc.
1892 4791 1960 4852 et
2008 4776 2436 4851 transversim
2496 4781 2538 4846 6
2584 4798 2734 4845 unc.
2794 4769 2997 4855 latus,
3049 4769 3487 4867 glabrescens
3535 4782 3603 4842 et

582 4898 984 4974 suscescens.
1093 4895 1354 4973 Subtus
1411 4926 1684 5001 quoque
1734 4897 2106 4972 nodulosus
2162 4907 2231 4968 et
2288 4891 2722 4991 inaequabilis
2770 4899 2904 4974 est,
2959 4885 3114 4958 hinc
3162 4889 3315 4985 pori
3365 4886 3603 4959 admo*

585 5015 731 5089 dum
787 5045 826 5092 e
883 5019 1012 5092 situ
1064 5019 1225 5090 varii
1282 5019 1611 5116 (rotundi,
1673 5019 1992 5116 elongati,
2047 5015 2333 5112 curvuli)
2384 5015 2572 5082 2-23
2629 5009 2735 5079 lin.
2786 5002 3132 5105 profundi,
3184 5030 3304 5078 ore
3350 5006 3599 5079 obtuso·

586 5134 703 5208 sed
747 5135 1179 5236 inaequabili,
1231 5136 2088 5224 latescenti·cinnamomei,
2143 5146 2353 5206 trama
2399 5125 2764 5213 manifesta,
2795 5121 3126 5196 interdum
3186 5123 3376 5222 quasi
3431 5134 3600 5195 stra-

584 5255 720 5326 tosi.

3314 5345 3399 5414 ⁴2
