4984 6517
189 36 649 363 7

1750 744 2322 832 Adjunctus.

440 938 898 1018 MARKLIN
948 938 1326 1039 (Gabriel),
1380 938 1559 1042 Reg.
1610 940 1866 1018 Societ.
1920 943 2484 1020 Bibliothecarius
2537 955 2607 1018 et
2652 940 2883 1018 Musei
2938 940 3353 1021 Praefectus.

1705 1227 2379 1295 Amanuenn‘s.

441 1418 1065 1496 THENGBERG
1117 1420 1332 1520 (Petr.
1386 1422 1726 1523 Adrian.),
1773 1424 2029 1499 Philos.
2082 1424 2434 1526 Magister.

1686 1707 1962 1776 Socii
2017 1708 2377 1775 Eoelert‘.

443 1900 761 1977 FABRE
817 1900 952 1999 (M.
1007 1901 1155 2002 C.)‚
1208 1906 1528 2005 pontibus
1580 1908 2079 2007 aggeribusque
2130 1907 2419 2008 publicis
2469 1907 2536 1977 in
2596 1903 2813 1978 Gallia
2861 1904 3278 1984 Praefectus.

443 2051 1002 2129 HUMBOLDT
1071 2055 1495 2153 (Alexander
1541 2064 1741 2156 von),
1822 2056 1975 2132 Lib.
2036 2058 2261 2145 Baro,
2332 2055 2515 2155 Regi
2569 2055 2856 2131 Boruss.
2908 2086 2945 2130 a
3001 2058 3316 2138 Consiliis
3364 2066 3637 2154 intimis,

190 2168 191 2231 l
610 2171 845 2271 Regg.
902 2173 1119 2246 Ordd.
1175 2173 1261 2247 de
1316 2174 1529 2249 Stella
1580 2174 1808 2249 Polari
1860 2206 1988 2251 nec
2032 2205 2164 2251 non
2220 2176 2305 2249 de
2352 2166 2438 2248 S.
2488 2172 2747 2262 Olavo,
2802 2203 2952 2250 cum
3006 2181 3342 2276 grandiori
3398 2181 3639 2259 Crucis

611 2293 890 2390 insigni,
971 2290 1533 2383 Commendator‚
1611 2294 1837 2393 Regg.
1911 2295 2128 2370 Ordd.
2185 2296 2270 2369 de
2323 2293 2571 2394 Aquila
2625 2290 2876 2393 Nigra,
2928 2293 3253 2397 Legionis
3303 2299 3639 2388 Honoris,

612 2407 787 2482 Ord.
846 2408 1092 2511 Imper.
1140 2408 1217 2483 S.
1270 2409 1511 2486 Annae
1563 2415 1627 2486 in
1677 2412 1779 2486 Cl.
1834 2412 1883 2486 Ι.
1934 2413 2174 2515 Eques
2225 2425 2353 2486 cet.

437 2559 654 2635 ΒΙΟΤ
716 2561 817 2656 (.Ι.
870 2560 1020 2659 Β.),
1070 2560 1354 2636 Instituti
1406 2561 1621 2638 Paris.
1675 2563 2086 2639 Membrum.

440 2695 816 2770 BROWN
868 2696 1231 2795 (Robert),
1278 2697 1463 2773 Juris
1516 2696 1661 2775 Utr
1719 2699 2025 2789 Doctor,
2040 2702 2230 2802 Reg.
2261 2699 2516 2775 Societ.
2546 2698 2895 2775 Scientiar.
2921 2695 3333 2776 Londinens.
3365 2699 3636 2780 Socius.

442 2831 1137 2907 KRUKENBERG
1194 2833 1475 2930 (Petr.,)
1522 2833 1909 2911 Medicinae
1960 2837 2327 2911 Professor
2372 2835 2710 2911 Halensis.

446 2967 773 3043 GRIMM
830 2969 1167 3068 (Jacob.,)
1222 2970 1590 3046 Professor
1644 2971 2137 3060 Berolinensis,
2184 2971 2362 3072 Reg.
2419 2970 2589 3045 Ord.
2640 2972 2725 3046 de
2781 2968 2992 3044 Stella
3044 2971 3275 3047 Polari
3325 2972 3583 3073 Eques.

446 3103 1041 3194 WERLAUFF,
1090 3103 1301 3202 (Eric.
1360 3106 1779 3205 Christian),
1830 3105 2012 3208 Regi
2065 3107 2244 3181 Dan.
2298 3134 2337 3179 a
2385 3108 2677 3181 consiliis
2716 3105 3100 3181 Conferent.
3117 3108 3419 3197 ,Histon
3453 3109 3634 3184 Pro-

609 3224 840 3297 fessor
913 3223 1329 3313 Hafniensis,
1400 3225 1860 3300 Bibliothecae
1914 3226 2176 3327 Regiae
2227 3225 2658 3313 Praefectus,
2713 3223 2938 3324 Regg.
2998 3224 3213 3301 Ordd.
3276 3229 3362 3303 de
3417 3226 3631 3303 Stella

609 3340 850 3415 Polari
907 3357 974 3416 et
1021 3342 1420 3445 Danebrog.
1484 3343 2041 3434 Commendator,
2097 3343 2424 3445 Legionis
2476 3343 2779 3418 Honoris
2829 3342 3087 3445 Eques.

452 3460 862 3559 MULLER
913 3478 1165 3578 (Joh.),
1219 3477 1617 3553 Anatomiae
1664 3478 2031 3554 Professor
2077 3478 2560 3555 Berolinensis.

448 3609 1058 3689 BONAPARTE
1112 3614 1430 3712 (Carolus
1483 3613 1823 3711 Lucian.)‚
1873 3613 2207 3715 Princeps
2259 3617 2345 3690 de
2401 3614 2660 3690 Canino
2710 3628 2780 3690 et
2827 3586 3261 3739 Musignano.

450 3728 975 3827 SCHULTEN
1029 3750 1352 3846 (Nathan.
1430 3748 1742 3824 Gerhard
1823 3757 1939 3847 A),
1989 3749 2316 3825 Mathem.
2348 3750 2716 3826 Professor
2740 3744 3370 3851 Helsingforsiensis
3397 3756 3635 3826 emeri-

616 3885 754 3958 tus,
817 3868 1035 3943 Ordd.
1081 3867 1328 3969 Imper.
1377 3868 1453 3943 S.
1515 3868 1825 3943 Stanislai
1881 3867 1983 3942 Cl.
2042 3867 2127 3943 Π.
2180 3884 2249 3943 et
2300 3867 2376 3943 S.
2430 3868 2818 3942 Wladimiri
2873 3868 2975 3943 Cl.
2981 3810 3154 3941 εἸν.
3199 3867 3458 3968 Eques.

450 4004 764 4080 ENCKE
848 4005 941 4099 (J.
1002 4004 1084 4079 F.
1091 4013 1155 4105 ),
1234 4004 1710 4081 Astronomiae
1789 4005 2156 4079 Professor
2227 4004 2720 4093 Berolinensis,
2774 4003 2950 4104 Reg.
3003 4002 3221 4077 Acad.
3280 4001 3629 4077 Scientiar.

618 4127 704 4197 ib.
756 4128 824 4197 in
883 4123 1124 4198 Classe
1182 4123 1516 4225 Physico-
1522 4124 1846 4199 Mathem.
1900 4121 2357 4212 Secretarius‚
2435 4124 2614 4223 Reg.
2698 4121 2867 4197 Ord.
2948 4123 3033 4196 de
3085 4122 3332 4222 Aquila
3391 4119 3629 4203 Rubra

621 4247 681 4315 in
736 4243 838 4315 Cl.
890 4242 1015 4317 IV.
1065 4242 1324 4343 Eques.

452 4375 987 4451 TEMMINCK
1041 4377 1158 4475 (C.
1214 4377 1342 4476 J.,)
1395 4375 1627 4451 Musei
1685 4376 2039 4476 Zoologici
2090 4375 2447 4451 Leidensis
2502 4374 2842 4450 Director.

452 4510 847 4589 BOECKH
891 4513 1168 4612 (Aug),
1249 4512 1496 4587 Graec.
1576 4511 1733 4585 Litt.
1818 4510 2181 4585 Professor
2231 4511 2726 4600 Berolinensis,
2777 4512 2956 4613 Reg.
3009 4512 3226 4586 Acad.
3279 4510 3629 4586 Scientiar.

629 4634 715 4705 ib.
769 4637 837 4705 in
892 4631 1130 4706 Classe
1184 4631 1438 4705 Histor.
1490 4629 1947 4718 Secretarius‚
1998 4628 2176 4730 Reg.
2245 4631 2411 4704 ord.
2491 4632 2579 4706 de
2655 4632 2902 4733 Aquila
2972 4631 3207 4705 Rubra
3233 4634 3296 4704 in
3349 4629 3453 4704 Cl.
3506 4628 3628 4702 IV.

622 4751 862 4851 Eques
915 4765 982 4824 et
1031 4752 1116 4825 de
1171 4749 1248 4825 S.
1299 4749 1652 4824 Salvatore
1707 4747 1954 4824 Graec.
2008 4748 2554 4824 Commendator.

463 4864 1145 4965 QUATREMERE
1226 4885 1655 4986 (Stephan.),
1708 4882 1855 4957 LL.
1913 4883 2079 4959 00.
2157 4884 2525 4960 Professor
2575 4866 3335 4972 Parisiemisslnstitnti
3411 4880 3630 4955 Paris.

629 5004 1054 5091 Membrum,
1106 5003 1276 5078 Ord.
1324 5001 1652 5105 Legionis
1690 5001 1989 5077 Honoris
2037 5003 2295 5104 Eques.

470 5136 890 5228 ANDRAL,
978 5138 1105 5237 (G.
1153 5140 1458 5240 Junior)‚
1529 5139 1918 5214 Medicinae
1989 5140 2351 5215 Professor
2421 5139 2853 5228 Parisiensis,
2906 5138 3297 5213 Membrum
3353 5135 3628 5211 Instituti

628 5258 1094 5367 Paris.,.0rd.
1151 5260 1328 5361 Leg.
1386 5257 1646 5333 Honor.
1697 5257 1956 5358 Eques.
