<?xml version="1.0" encoding="UTF-8"?>
<!DOCTYPE html PUBLIC "-//W3C//DTD XHTML 1.0 Transitional//EN"
    "http://www.w3.org/TR/xhtml1/DTD/xhtml1-transitional.dtd">
<html xmlns="http://www.w3.org/1999/xhtml" xml:lang="en" lang="en">
 <head>
  <title>
</title>
<meta http-equiv="Content-Type" content="text/html;charset=utf-8" />
  <meta name='ocr-system' content='tesseract 3.04.00' />
  <meta name='ocr-capabilities' content='ocr_page ocr_carea ocr_par ocr_line ocrx_word'/>
</head>
<body>
  <div class='ocr_page' id='page_1' title='image "./novaactaregiaes00uppsgoog_0078.png"; bbox 0 0 4984 6517; ppageno 0'>
   <div class='ocr_carea' id='block_1_1' title="bbox 1405 565 1514 653">
    <p class='ocr_par' dir='ltr' id='par_1_1' title="bbox 1405 565 1514 653">
     <span class='ocr_line' id='line_1_1' title="bbox 1405 565 1514 653; baseline 0 0"><span class='ocrx_word' id='word_1_1' title='bbox 1405 565 1514 653; x_wconf 74' lang='lat'>62</span> 
     </span>
    </p>
   </div>
   <div class='ocr_carea' id='block_1_2' title="bbox 1498 778 4539 1000">
    <p class='ocr_par' dir='ltr' id='par_1_2' title="bbox 1498 778 4539 1000">
     <span class='ocr_line' id='line_1_2' title="bbox 1498 778 4539 885; baseline 0.001 -30"><span class='ocrx_word' id='word_1_2' title='bbox 1498 778 2004 885; x_wconf 75' lang='lat' dir='ltr'>(Fomentar.)</span> <span class='ocrx_word' id='word_1_3' title='bbox 2060 791 2344 869; x_wconf 78' lang='lat' dir='ltr'>nitente,</span> <span class='ocrx_word' id='word_1_4' title='bbox 2408 786 2471 856; x_wconf 90' lang='lat' dir='ltr'>in</span> <span class='ocrx_word' id='word_1_5' title='bbox 2528 809 2663 882; x_wconf 92' lang='lat' dir='ltr'>quo</span> <span class='ocrx_word' id='word_1_6' title='bbox 2737 783 2955 882; x_wconf 88' lang='lat' dir='ltr'>pileus</span> <span class='ocrx_word' id='word_1_7' title='bbox 3032 783 3333 883; x_wconf 84' lang='lat' dir='ltr'>multiplo</span> <span class='ocrx_word' id='word_1_8' title='bbox 3399 788 3615 883; x_wconf 88' lang='lat' dir='ltr'>major</span> <span class='ocrx_word' id='word_1_9' title='bbox 3669 797 3740 858; x_wconf 87' lang='lat' dir='ltr'>et</span> <span class='ocrx_word' id='word_1_10' title='bbox 3788 811 3828 859; x_wconf 90' lang='lat' dir='ltr'>e</span> <span class='ocrx_word' id='word_1_11' title='bbox 3886 788 4137 860; x_wconf 79' lang='lat' dir='ltr'>verfice</span> <span class='ocrx_word' id='word_1_12' title='bbox 4216 798 4539 885; x_wconf 86' lang='lat' dir='ltr'>porrecto</span> 
     </span>
     <span class='ocr_line' id='line_1_3' title="bbox 1500 901 2154 1000; baseline -0.005 -26"><span class='ocrx_word' id='word_1_13' title='bbox 1500 913 1751 974; x_wconf 78' lang='lat' dir='ltr'>tantum</span> <span class='ocrx_word' id='word_1_14' title='bbox 1799 901 2154 1000; x_wconf 88' lang='lat' dir='ltr'>pendulus.</span> 
     </span>
    </p>
   </div>
   <div class='ocr_carea' id='block_1_3' title="bbox 1414 1033 3806 1138">
    <p class='ocr_par' dir='ltr' id='par_1_3' title="bbox 1414 1033 3806 1138">
     <span class='ocr_line' id='line_1_4' title="bbox 1414 1033 3806 1138; baseline 0 -29"><span class='ocrx_word' id='word_1_15' title='bbox 1414 1037 1448 1071; x_wconf 77' lang='lat'>⁸</span> <span class='ocrx_word' id='word_1_16' title='bbox 1499 1036 1781 1110; x_wconf 71' lang='lat' dir='ltr'>Pomm.</span> <span class='ocrx_word' id='word_1_17' title='bbox 1836 1033 2168 1135; x_wconf 71' lang='lat' dir='ltr'>(Fomsss)</span> <span class='ocrx_word' id='word_1_18' title='bbox 2223 1057 2615 1112; x_wconf 70' lang='lat' dir='ltr'>Lonomns.</span> <span class='ocrx_word' id='word_1_19' title='bbox 2722 1035 2930 1108; x_wconf 83' lang='lat' dir='ltr'>Lev.!</span> <span class='ocrx_word' id='word_1_20' title='bbox 2985 1034 3028 1108; x_wconf 93' lang='lat' dir='ltr'>l.</span> <span class='ocrx_word' id='word_1_21' title='bbox 3086 1061 3145 1109; x_wconf 86' lang='lat' dir='ltr'>c.</span> <span class='ocrx_word' id='word_1_22' title='bbox 3201 1044 3381 1113; x_wconf 72' lang='grc'><strong>4846.</strong></span> <span class='ocrx_word' id='word_1_23' title='bbox 3436 1040 3489 1113; x_wconf 93' lang='grc' dir='ltr'>Ι.</span> <span class='ocrx_word' id='word_1_24' title='bbox 3541 1063 3609 1138; x_wconf 92' lang='lat' dir='ltr'>p.</span> <span class='ocrx_word' id='word_1_25' title='bbox 3665 1045 3806 1113; x_wconf 71' lang='lat'>⁴924.</span> 
     </span>
    </p>
   </div>
   <div class='ocr_carea' id='block_1_4' title="bbox 1489 1177 4547 2228">
    <p class='ocr_par' dir='ltr' id='par_1_4' title="bbox 1489 1177 4547 2228">
     <span class='ocr_line' id='line_1_5' title="bbox 1507 1177 4541 1279; baseline -0.001 -27"><span class='ocrx_word' id='word_1_26' title='bbox 1507 1208 1512 1223; x_wconf 91' lang='lat'><strong>·</strong></span> <span class='ocrx_word' id='word_1_27' title='bbox 1595 1177 1992 1277; x_wconf 82' lang='lat' dir='ltr'>Descriptio</span> <span class='ocrx_word' id='word_1_28' title='bbox 2045 1179 2265 1250; x_wconf 88' lang='lat' dir='ltr'>multis</span> <span class='ocrx_word' id='word_1_29' title='bbox 2334 1179 2701 1251; x_wconf 88' lang='lat' dir='ltr'>rationibus</span> <span class='ocrx_word' id='word_1_30' title='bbox 2776 1177 3064 1264; x_wconf 82' lang='lat' dir='ltr'>recedit,</span> <span class='ocrx_word' id='word_1_31' title='bbox 3143 1192 3210 1251; x_wconf 90' lang='lat' dir='ltr'>at</span> <span class='ocrx_word' id='word_1_32' title='bbox 3283 1180 3511 1279; x_wconf 90' lang='lat' dir='ltr'>quoad</span> <span class='ocrx_word' id='word_1_33' title='bbox 3576 1182 3873 1254; x_wconf 85' lang='lat' dir='ltr'>habitum</span> <span class='ocrx_word' id='word_1_34' title='bbox 3931 1192 4001 1253; x_wconf 90' lang='lat' dir='ltr'>et</span> <span class='ocrx_word' id='word_1_35' title='bbox 4051 1180 4341 1253; x_wconf 82' lang='lat' dir='ltr'>formam</span> <span class='ocrx_word' id='word_1_36' title='bbox 4394 1205 4541 1250; x_wconf 89' lang='lat' dir='ltr'>cum</span> 
     </span>
     <span class='ocr_line' id='line_1_6' title="bbox 1498 1291 4538 1398; baseline -0.001 -26"><span class='ocrx_word' id='word_1_37' title='bbox 1498 1297 1950 1398; x_wconf 82' lang='lat' dir='ltr'>praecedente</span> <span class='ocrx_word' id='word_1_38' title='bbox 2003 1323 2284 1395; x_wconf 90' lang='lat' dir='ltr'>prorsus</span> <span class='ocrx_word' id='word_1_39' title='bbox 2335 1298 2665 1370; x_wconf 89' lang='lat' dir='ltr'>convenit.</span> <span class='ocrx_word' id='word_1_40' title='bbox 2771 1291 3006 1394; x_wconf 83' lang='lat' dir='ltr'>Stipes</span> <span class='ocrx_word' id='word_1_41' title='bbox 3076 1325 3138 1369; x_wconf 87' lang='lat' dir='ltr'>v.</span> <span class='ocrx_word' id='word_1_42' title='bbox 3208 1324 3265 1369; x_wconf 91' lang='lat' dir='ltr'>c.</span> <span class='ocrx_word' id='word_1_43' title='bbox 3316 1326 3452 1372; x_wconf 92' lang='lat' dir='ltr'>non</span> <span class='ocrx_word' id='word_1_44' title='bbox 3531 1301 3889 1374; x_wconf 88' lang='lat' dir='ltr'>»lateralis«</span> <span class='ocrx_word' id='word_1_45' title='bbox 3956 1313 4031 1372; x_wconf 90' lang='lat' dir='ltr'>ut</span> <span class='ocrx_word' id='word_1_46' title='bbox 4083 1300 4168 1371; x_wconf 92' lang='lat' dir='ltr'>ab</span> <span class='ocrx_word' id='word_1_47' title='bbox 4229 1294 4538 1370; x_wconf 86' lang='lat' dir='ltr'>Auctore</span> 
     </span>
     <span class='ocr_line' id='line_1_7' title="bbox 1503 1412 4543 1517; baseline -0.001 -28"><span class='ocrx_word' id='word_1_48' title='bbox 1503 1417 1934 1502; x_wconf 84' lang='lat' dir='ltr'>describitur,</span> <span class='ocrx_word' id='word_1_49' title='bbox 1989 1414 2114 1487; x_wconf 91' lang='lat' dir='ltr'>sed</span> <span class='ocrx_word' id='word_1_50' title='bbox 2175 1415 2394 1513; x_wconf 89' lang='lat' dir='ltr'>pileus</span> <span class='ocrx_word' id='word_1_51' title='bbox 2463 1416 2751 1513; x_wconf 86' lang='lat' dir='ltr'>integer,</span> <span class='ocrx_word' id='word_1_52' title='bbox 2822 1417 3043 1514; x_wconf 87' lang='lat' dir='ltr'>stipite</span> <span class='ocrx_word' id='word_1_53' title='bbox 3109 1443 3146 1487; x_wconf 93' lang='lat' dir='ltr'>a</span> <span class='ocrx_word' id='word_1_54' title='bbox 3210 1421 3461 1492; x_wconf 84' lang='lat' dir='ltr'>vertice</span> <span class='ocrx_word' id='word_1_55' title='bbox 3539 1430 3855 1517; x_wconf 89' lang='lat' dir='ltr'>porrecto</span> <span class='ocrx_word' id='word_1_56' title='bbox 3916 1444 3975 1490; x_wconf 90' lang='lat' dir='ltr'>e.</span> <span class='ocrx_word' id='word_1_57' title='bbox 4029 1446 4081 1490; x_wconf 91' lang='lat' dir='ltr'>s.</span> <span class='ocrx_word' id='word_1_58' title='bbox 4135 1445 4203 1515; x_wconf 91' lang='lat' dir='ltr'>p.</span> <span class='ocrx_word' id='word_1_59' title='bbox 4309 1412 4543 1486; x_wconf 90' lang='lat' dir='ltr'>Primo</span> 
     </span>
     <span class='ocr_line' id='line_1_8' title="bbox 1489 1533 4541 1635; baseline -0 -27"><span class='ocrx_word' id='word_1_60' title='bbox 1489 1539 1688 1635; x_wconf 88' lang='lat' dir='ltr'>igitur</span> <span class='ocrx_word' id='word_1_61' title='bbox 1735 1546 2090 1631; x_wconf 90' lang='lat' dir='ltr'>utrumque</span> <span class='ocrx_word' id='word_1_62' title='bbox 2148 1558 2429 1631; x_wconf 88' lang='lat' dir='ltr'>prorsus</span> <span class='ocrx_word' id='word_1_63' title='bbox 2511 1533 2869 1606; x_wconf 87' lang='lat' dir='ltr'>identicum</span> <span class='ocrx_word' id='word_1_64' title='bbox 2926 1534 3166 1621; x_wconf 89' lang='lat' dir='ltr'>habui,</span> <span class='ocrx_word' id='word_1_65' title='bbox 3245 1562 3330 1610; x_wconf 85' lang='lat' dir='ltr'>ex</span> <span class='ocrx_word' id='word_1_66' title='bbox 3409 1538 3756 1635; x_wconf 88' lang='lat' dir='ltr'>utriusque</span> <span class='ocrx_word' id='word_1_67' title='bbox 3827 1562 3990 1609; x_wconf 90' lang='lat' dir='ltr'>vero</span> <span class='ocrx_word' id='word_1_68' title='bbox 4059 1534 4541 1634; x_wconf 81' lang='lat' dir='ltr'>speciminibus</span> 
     </span>
     <span class='ocr_line' id='line_1_9' title="bbox 1501 1650 4545 1754; baseline -0.001 -29"><span class='ocrx_word' id='word_1_69' title='bbox 1501 1654 1872 1726; x_wconf 81' lang='lat' dir='ltr'>accuratius</span> <span class='ocrx_word' id='word_1_70' title='bbox 1924 1653 2326 1750; x_wconf 88' lang='lat' dir='ltr'>comparatis</span> <span class='ocrx_word' id='word_1_71' title='bbox 2379 1651 2463 1721; x_wconf 95' lang='grc' dir='ltr'>Ρ.</span> <span class='ocrx_word' id='word_1_72' title='bbox 2519 1652 2824 1751; x_wconf 73' lang='lat' dir='ltr'>longipes</span> <span class='ocrx_word' id='word_1_73' title='bbox 2891 1652 3106 1725; x_wconf 86' lang='lat' dir='ltr'>differt</span> <span class='ocrx_word' id='word_1_74' title='bbox 3172 1680 3308 1726; x_wconf 91' lang='lat' dir='ltr'>non</span> <span class='ocrx_word' id='word_1_75' title='bbox 3377 1654 3583 1727; x_wconf 89' lang='lat' dir='ltr'>modo</span> <span class='ocrx_word' id='word_1_76' title='bbox 3645 1655 3826 1753; x_wconf 90' lang='lat' dir='ltr'>pileo</span> <span class='ocrx_word' id='word_1_77' title='bbox 3892 1656 4160 1751; x_wconf 90' lang='lat' dir='ltr'>majori,</span> <span class='ocrx_word' id='word_1_78' title='bbox 4239 1650 4545 1754; x_wconf 89' lang='lat' dir='ltr'>repando</span> 
     </span>
     <span class='ocr_line' id='line_1_10' title="bbox 1500 1769 4541 1870; baseline -0.001 -25"><span class='ocrx_word' id='word_1_79' title='bbox 1500 1784 1664 1857; x_wconf 67' lang='lat' dir='ltr'>etc„</span> <span class='ocrx_word' id='word_1_80' title='bbox 1743 1769 1867 1844; x_wconf 91' lang='lat' dir='ltr'>sed</span> <span class='ocrx_word' id='word_1_81' title='bbox 1939 1770 2375 1844; x_wconf 87' lang='lat' dir='ltr'>essentialiter</span> <span class='ocrx_word' id='word_1_82' title='bbox 2433 1773 2620 1868; x_wconf 88' lang='lat' dir='ltr'>poris</span> <span class='ocrx_word' id='word_1_83' title='bbox 2674 1769 2880 1867; x_wconf 89' lang='lat' dir='ltr'>duplo</span> <span class='ocrx_word' id='word_1_84' title='bbox 2937 1773 3303 1867; x_wconf 87' lang='lat' dir='ltr'>majoribus</span> <span class='ocrx_word' id='word_1_85' title='bbox 3356 1770 3635 1870; x_wconf 88' lang='lat' dir='ltr'>pallidis.</span> <span class='ocrx_word' id='word_1_86' title='bbox 3769 1770 3898 1845; x_wconf 90' lang='lat' dir='ltr'>His</span> <span class='ocrx_word' id='word_1_87' title='bbox 3958 1771 4333 1845; x_wconf 92' lang='lat' dir='ltr'>rationibus</span> <span class='ocrx_word' id='word_1_88' title='bbox 4388 1797 4541 1844; x_wconf 86' lang='lat' dir='ltr'>cum</span> 
     </span>
     <span class='ocr_line' id='line_1_11' title="bbox 1500 1885 4542 1989; baseline 0 -27"><span class='ocrx_word' id='word_1_89' title='bbox 1500 1892 1588 1962; x_wconf 92' lang='lat' dir='ltr'>P.</span> <span class='ocrx_word' id='word_1_90' title='bbox 1641 1889 2152 1989; x_wconf 76' lang='lat' dir='ltr'>Rhizomorpho</span> <span class='ocrx_word' id='word_1_91' title='bbox 2203 1885 2426 1960; x_wconf 86' lang='lat' dir='ltr'>Mont.</span> <span class='ocrx_word' id='word_1_92' title='bbox 2479 1885 2673 1960; x_wconf 89' lang='lat' dir='ltr'>Cent.</span> <span class='ocrx_word' id='word_1_93' title='bbox 2728 1885 2811 1959; x_wconf 91' lang='grc' dir='ltr'>Π.</span> <span class='ocrx_word' id='word_1_94' title='bbox 2847 1917 2909 1961; x_wconf 92' lang='lat' dir='ltr'>n.</span> <span class='ocrx_word' id='word_1_95' title='bbox 2941 1894 3008 1962; x_wconf 79' lang='grc' dir='ltr'>Η</span> <span class='ocrx_word' id='word_1_96' title='bbox 3074 1891 3418 1977; x_wconf 85' lang='lat' dir='ltr'>convenit,</span> <span class='ocrx_word' id='word_1_97' title='bbox 3477 1891 3599 1963; x_wconf 91' lang='lat' dir='ltr'>alia</span> <span class='ocrx_word' id='word_1_98' title='bbox 3648 1890 3993 1963; x_wconf 83' lang='lat' dir='ltr'>manifeste</span> <span class='ocrx_word' id='word_1_99' title='bbox 4052 1890 4341 1988; x_wconf 82' lang='lat' dir='ltr'>analoga</span> <span class='ocrx_word' id='word_1_100' title='bbox 4386 1916 4542 1988; x_wconf 88' lang='lat' dir='ltr'>spe-</span> 
     </span>
     <span class='ocr_line' id='line_1_12' title="bbox 1502 2007 4547 2108; baseline -0 -28"><span class='ocrx_word' id='word_1_101' title='bbox 1502 2011 1672 2094; x_wconf 79' lang='lat' dir='ltr'>cies,</span> <span class='ocrx_word' id='word_1_102' title='bbox 1727 2034 1900 2106; x_wconf 92' lang='lat' dir='ltr'>quae</span> <span class='ocrx_word' id='word_1_103' title='bbox 1951 2034 2116 2080; x_wconf 87' lang='lat' dir='ltr'>vero</span> <span class='ocrx_word' id='word_1_104' title='bbox 2167 2034 2525 2105; x_wconf 90' lang='lat' dir='ltr'>mesopus,</span> <span class='ocrx_word' id='word_1_105' title='bbox 2581 2009 2800 2105; x_wconf 89' lang='lat' dir='ltr'>stipite</span> <span class='ocrx_word' id='word_1_106' title='bbox 2879 2007 3076 2093; x_wconf 76' lang='lat' dir='ltr'>infra,</span> <span class='ocrx_word' id='word_1_107' title='bbox 3143 2034 3272 2080; x_wconf 90' lang='lat' dir='ltr'>nec</span> <span class='ocrx_word' id='word_1_108' title='bbox 3335 2036 3540 2108; x_wconf 90' lang='lat' dir='ltr'>supra</span> <span class='ocrx_word' id='word_1_109' title='bbox 3599 2009 3847 2107; x_wconf 87' lang='lat' dir='ltr'>pileum</span> <span class='ocrx_word' id='word_1_110' title='bbox 3935 2011 4185 2082; x_wconf 91' lang='lat' dir='ltr'>inserto</span> <span class='ocrx_word' id='word_1_111' title='bbox 4250 2020 4322 2081; x_wconf 93' lang='lat' dir='ltr'>et</span> <span class='ocrx_word' id='word_1_112' title='bbox 4395 2007 4547 2079; x_wconf 88' lang='lat' dir='ltr'>hinc</span> 
     </span>
     <span class='ocr_line' id='line_1_13' title="bbox 1500 2124 4542 2228; baseline -0 -31"><span class='ocrx_word' id='word_1_113' title='bbox 1500 2127 1882 2228; x_wconf 87' lang='lat' dir='ltr'>hymenium</span> <span class='ocrx_word' id='word_1_114' title='bbox 1924 2126 2209 2199; x_wconf 91' lang='lat' dir='ltr'>subinde</span> <span class='ocrx_word' id='word_1_115' title='bbox 2247 2127 2313 2198; x_wconf 92' lang='lat' dir='ltr'>in</span> <span class='ocrx_word' id='word_1_116' title='bbox 2361 2127 2650 2224; x_wconf 90' lang='lat' dir='ltr'>stipitem</span> <span class='ocrx_word' id='word_1_117' title='bbox 2706 2125 3012 2199; x_wconf 88' lang='lat' dir='ltr'>decurrit.</span> <span class='ocrx_word' id='word_1_118' title='bbox 3113 2124 3377 2197; x_wconf 90' lang='lat' dir='ltr'>Eadem</span> <span class='ocrx_word' id='word_1_119' title='bbox 3430 2128 3595 2198; x_wconf 91' lang='lat' dir='ltr'>ratio</span> <span class='ocrx_word' id='word_1_120' title='bbox 3648 2127 3911 2200; x_wconf 83' lang='lat' dir='ltr'>videtur</span> <span class='ocrx_word' id='word_1_121' title='bbox 3962 2128 4048 2198; x_wconf 89' lang='lat' dir='ltr'>P.</span> <span class='ocrx_word' id='word_1_122' title='bbox 4080 2126 4542 2227; x_wconf 43' lang='lat' dir='ltr'>Auris-calpa&amp;</span> 
     </span>
    </p>
   </div>
   <div class='ocr_carea' id='block_1_5' title="bbox 2411 2298 3396 2403">
    <p class='ocr_par' dir='ltr' id='par_1_5' title="bbox 2411 2298 3396 2403">
     <span class='ocr_line' id='line_1_14' title="bbox 2411 2298 3396 2403; baseline 0.003 -30"><span class='ocrx_word' id='word_1_123' title='bbox 2411 2298 2608 2374; x_wconf 86' lang='lat' dir='ltr'>Trib.</span> <span class='ocrx_word' id='word_1_124' title='bbox 2661 2301 2744 2403; x_wconf 74' lang='lat' dir='ltr'>R.</span> <span class='ocrx_word' id='word_1_125' title='bbox 2852 2299 3396 2378; x_wconf 71' lang='lat' dir='ltr'>Mssmsmomm.</span> 
     </span>
    </p>
   </div>
   <div class='ocr_carea' id='block_1_6' title="bbox 1503 2438 4546 2660">
    <p class='ocr_par' dir='ltr' id='par_1_6' title="bbox 1503 2438 4546 2660">
     <span class='ocr_line' id='line_1_15' title="bbox 1605 2438 4546 2540; baseline -0.001 -26"><span class='ocrx_word' id='word_1_126' title='bbox 1605 2440 1811 2514; x_wconf 90' lang='lat' dir='ltr'>Nulla</span> <span class='ocrx_word' id='word_1_127' title='bbox 1854 2446 1921 2515; x_wconf 91' lang='lat' dir='ltr'>in</span> <span class='ocrx_word' id='word_1_128' title='bbox 1983 2442 2085 2515; x_wconf 94' lang='lat' dir='ltr'>his</span> <span class='ocrx_word' id='word_1_129' title='bbox 2130 2442 2637 2514; x_wconf 89' lang='lat' dir='ltr'>collectionibus</span> <span class='ocrx_word' id='word_1_130' title='bbox 2709 2441 2902 2515; x_wconf 86' lang='lat' dir='ltr'>adest</span> <span class='ocrx_word' id='word_1_131' title='bbox 2959 2444 3244 2540; x_wconf 78' lang='lat' dir='ltr'>species.</span> <span class='ocrx_word' id='word_1_132' title='bbox 3349 2438 3438 2512; x_wconf 91' lang='lat' dir='ltr'>H.</span> <span class='ocrx_word' id='word_1_133' title='bbox 3493 2442 3530 2513; x_wconf 95' lang='lat' dir='ltr'>l.</span> <span class='ocrx_word' id='word_1_134' title='bbox 3585 2443 3671 2513; x_wconf 92' lang='lat' dir='ltr'>P.</span> <span class='ocrx_word' id='word_1_135' title='bbox 3728 2470 4041 2527; x_wconf 75' lang='lat' dir='ltr'>crassuS,</span> <span class='ocrx_word' id='word_1_136' title='bbox 4093 2441 4546 2516; x_wconf 90' lang='lat' dir='ltr'>Fomentariis</span> 
     </span>
     <span class='ocr_line' id='line_1_16' title="bbox 1503 2557 4544 2660; baseline -0.002 -25"><span class='ocrx_word' id='word_1_137' title='bbox 1503 2563 1787 2635; x_wconf 84' lang='lat' dir='ltr'>maxime</span> <span class='ocrx_word' id='word_1_138' title='bbox 1817 2559 2059 2647; x_wconf 88' lang='lat' dir='ltr'>affinis,</span> <span class='ocrx_word' id='word_1_139' title='bbox 2109 2561 2193 2631; x_wconf 92' lang='lat' dir='ltr'>P.</span> <span class='ocrx_word' id='word_1_140' title='bbox 2236 2560 2667 2654; x_wconf 69' lang='lat' dir='ltr'>graveolenS,</span> <span class='ocrx_word' id='word_1_141' title='bbox 2722 2561 2805 2631; x_wconf 89' lang='lat' dir='ltr'>P.</span> <span class='ocrx_word' id='word_1_142' title='bbox 2858 2587 3065 2631; x_wconf 71' lang='lat' dir='ltr'>senez·</span> <span class='ocrx_word' id='word_1_143' title='bbox 3113 2557 3370 2645; x_wconf 89' lang='lat' dir='ltr'>Mont.,</span> <span class='ocrx_word' id='word_1_144' title='bbox 3421 2560 3507 2630; x_wconf 93' lang='grc' dir='ltr'>Ρ.</span> <span class='ocrx_word' id='word_1_145' title='bbox 3521 2561 3885 2657; x_wconf 75' lang='lat' dir='ltr'>furcatus</span> <span class='ocrx_word' id='word_1_146' title='bbox 3929 2560 4179 2660; x_wconf 78' lang='lat' dir='ltr'>Jungh.</span> <span class='ocrx_word' id='word_1_147' title='bbox 4233 2559 4390 2635; x_wconf 86' lang='lat' dir='ltr'>Jav.</span> <span class='ocrx_word' id='word_1_148' title='bbox 4419 2573 4544 2633; x_wconf 89' lang='lat' dir='ltr'>etc.</span> 
     </span>
    </p>
   </div>
   <div class='ocr_carea' id='block_1_7' title="bbox 2378 2730 3466 2831">
    <p class='ocr_par' dir='ltr' id='par_1_7' title="bbox 2378 2730 3466 2831">
     <span class='ocr_line' id='line_1_17' title="bbox 2378 2730 3466 2831; baseline 0.002 -27"><span class='ocrx_word' id='word_1_149' title='bbox 2378 2730 2609 2831; x_wconf 87' lang='lat' dir='ltr'>Stirps</span> <span class='ocrx_word' id='word_1_150' title='bbox 2661 2732 2732 2805; x_wconf 88' lang='lat' dir='ltr'>S.</span> <span class='ocrx_word' id='word_1_151' title='bbox 2838 2732 2916 2805; x_wconf 90' lang='lat' dir='ltr'>P.</span> <span class='ocrx_word' id='word_1_152' title='bbox 2968 2754 3466 2807; x_wconf 71' lang='lat' dir='ltr'>FOMENTAnn.</span> 
     </span>
    </p>
   </div>
   <div class='ocr_carea' id='block_1_8' title="bbox 1499 2863 4548 3664">
    <p class='ocr_par' dir='ltr' id='par_1_8' title="bbox 1499 2863 4548 3664">
     <span class='ocr_line' id='line_1_18' title="bbox 1614 2863 4543 2966; baseline -0.001 -25"><span class='ocrx_word' id='word_1_153' title='bbox 1614 2866 1946 2954; x_wconf 88' lang='lat' dir='ltr'>Sessiles‚</span> <span class='ocrx_word' id='word_1_154' title='bbox 1995 2867 2177 2965; x_wconf 89' lang='lat' dir='ltr'>pileo</span> <span class='ocrx_word' id='word_1_155' title='bbox 2231 2869 3027 2955; x_wconf 80' lang='lat' dir='ltr'>suberoso-fomentatio,</span> <span class='ocrx_word' id='word_1_156' title='bbox 3077 2882 3297 2941; x_wconf 87' lang='lat' dir='ltr'>crusta</span> <span class='ocrx_word' id='word_1_157' title='bbox 3350 2896 3596 2941; x_wconf 86' lang='lat' dir='ltr'>cornea</span> <span class='ocrx_word' id='word_1_158' title='bbox 3649 2867 3857 2966; x_wconf 88' lang='lat' dir='ltr'>rigida</span> <span class='ocrx_word' id='word_1_159' title='bbox 3896 2870 4281 2940; x_wconf 87' lang='lat' dir='ltr'>incrustato.</span> <span class='ocrx_word' id='word_1_160' title='bbox 4391 2863 4543 2938; x_wconf 86' lang='lat' dir='ltr'>Tri-</span> 
     </span>
     <span class='ocr_line' id='line_1_19' title="bbox 1505 2984 4544 3073; baseline -0.001 -14"><span class='ocrx_word' id='word_1_161' title='bbox 1505 2990 1631 3060; x_wconf 92' lang='lat' dir='ltr'>bus</span> <span class='ocrx_word' id='word_1_162' title='bbox 1692 2988 2093 3071; x_wconf 88' lang='lat' dir='ltr'>vastissima,</span> <span class='ocrx_word' id='word_1_163' title='bbox 2164 2999 2233 3058; x_wconf 93' lang='lat' dir='ltr'>et</span> <span class='ocrx_word' id='word_1_164' title='bbox 2293 2988 2356 3058; x_wconf 93' lang='lat' dir='ltr'>in</span> <span class='ocrx_word' id='word_1_165' title='bbox 2425 2986 2706 3059; x_wconf 82' lang='lat' dir='ltr'>diversis</span> <span class='ocrx_word' id='word_1_166' title='bbox 2767 2989 2993 3073; x_wconf 83' lang='lat' dir='ltr'>terris,</span> <span class='ocrx_word' id='word_1_167' title='bbox 3067 2987 3155 3058; x_wconf 85' lang='lat' dir='ltr'>ad</span> <span class='ocrx_word' id='word_1_168' title='bbox 3225 2988 3524 3061; x_wconf 86' lang='lat' dir='ltr'>diversas</span> <span class='ocrx_word' id='word_1_169' title='bbox 3595 2989 3914 3073; x_wconf 88' lang='lat' dir='ltr'>arbores,</span> <span class='ocrx_word' id='word_1_170' title='bbox 3968 2988 4131 3059; x_wconf 90' lang='lat' dir='ltr'>mire</span> <span class='ocrx_word' id='word_1_171' title='bbox 4191 2984 4544 3060; x_wconf 90' lang='lat' dir='ltr'>mutabilis.</span> 
     </span>
     <span class='ocr_line' id='line_1_20' title="bbox 1499 3104 4542 3205; baseline -0.002 -27"><span class='ocrx_word' id='word_1_172' title='bbox 1499 3105 1577 3178; x_wconf 92' lang='lat' dir='ltr'>In</span> <span class='ocrx_word' id='word_1_173' title='bbox 1659 3105 2021 3205; x_wconf 88' lang='lat' dir='ltr'>speciebus</span> <span class='ocrx_word' id='word_1_174' title='bbox 2116 3104 2597 3203; x_wconf 82' lang='lat' dir='ltr'>distinguendis</span> <span class='ocrx_word' id='word_1_175' title='bbox 2668 3107 2865 3203; x_wconf 87' lang='lat' dir='ltr'>igitur</span> <span class='ocrx_word' id='word_1_176' title='bbox 2944 3109 3115 3178; x_wconf 89' lang='lat' dir='ltr'>cauti</span> <span class='ocrx_word' id='word_1_177' title='bbox 3222 3108 3460 3192; x_wconf 81' lang='lat' dir='ltr'>simuS,</span> <span class='ocrx_word' id='word_1_178' title='bbox 3544 3134 3698 3179; x_wconf 89' lang='lat' dir='ltr'>cum</span> <span class='ocrx_word' id='word_1_179' title='bbox 3775 3104 3925 3178; x_wconf 91' lang='lat' dir='ltr'>leve</span> <span class='ocrx_word' id='word_1_180' title='bbox 4015 3107 4195 3203; x_wconf 85' lang='lat' dir='ltr'>capit</span> <span class='ocrx_word' id='word_1_181' title='bbox 4270 3104 4542 3177; x_wconf 87' lang='lat' dir='ltr'>scientia</span> 
     </span>
     <span class='ocr_line' id='line_1_21' title="bbox 1503 3221 4543 3323; baseline -0.001 -26"><span class='ocrx_word' id='word_1_182' title='bbox 1503 3228 1981 3297; x_wconf 89' lang='lat' dir='ltr'>incrementum</span> <span class='ocrx_word' id='word_1_183' title='bbox 2039 3249 2125 3295; x_wconf 84' lang='lat' dir='ltr'>ex</span> <span class='ocrx_word' id='word_1_184' title='bbox 2169 3250 2300 3295; x_wconf 88' lang='lat' dir='ltr'>una</span> <span class='ocrx_word' id='word_1_185' title='bbox 2353 3223 2643 3296; x_wconf 79' lang='lat' dir='ltr'>alterave</span> <span class='ocrx_word' id='word_1_186' title='bbox 2691 3226 2922 3323; x_wconf 91' lang='lat' dir='ltr'>specie</span> <span class='ocrx_word' id='word_1_187' title='bbox 2952 3227 3213 3298; x_wconf 84' lang='lat' dir='ltr'>exotica</span> <span class='ocrx_word' id='word_1_188' title='bbox 3275 3224 3598 3296; x_wconf 87' lang='lat' dir='ltr'>distincta.</span> <span class='ocrx_word' id='word_1_189' title='bbox 3701 3221 4082 3322; x_wconf 89' lang='lat' dir='ltr'>Praecipue</span> <span class='ocrx_word' id='word_1_190' title='bbox 4128 3223 4344 3295; x_wconf 83' lang='lat' dir='ltr'>forma</span> <span class='ocrx_word' id='word_1_191' title='bbox 4382 3224 4543 3295; x_wconf 80' lang='lat' dir='ltr'>mire</span> 
     </span>
     <span class='ocr_line' id='line_1_22' title="bbox 1504 3342 4544 3441; baseline -0.001 -27"><span class='ocrx_word' id='word_1_192' title='bbox 1504 3343 1752 3429; x_wconf 89' lang='lat' dir='ltr'>ludunt,</span> <span class='ocrx_word' id='word_1_193' title='bbox 1808 3370 1845 3413; x_wconf 91' lang='lat' dir='ltr'>a</span> <span class='ocrx_word' id='word_1_194' title='bbox 1897 3342 2126 3414; x_wconf 88' lang='lat' dir='ltr'>formis</span> <span class='ocrx_word' id='word_1_195' title='bbox 2157 3343 2554 3440; x_wconf 86' lang='lat' dir='ltr'>resupinatis</span> <span class='ocrx_word' id='word_1_196' title='bbox 2609 3342 2694 3413; x_wconf 89' lang='lat' dir='ltr'>ad</span> <span class='ocrx_word' id='word_1_197' title='bbox 2741 3343 3200 3415; x_wconf 88' lang='lat' dir='ltr'>caulescentes</span> <span class='ocrx_word' id='word_1_198' title='bbox 3255 3356 3324 3415; x_wconf 94' lang='lat' dir='ltr'>et</span> <span class='ocrx_word' id='word_1_199' title='bbox 3375 3344 3725 3441; x_wconf 82' lang='lat' dir='ltr'>stipitatos,</span> <span class='ocrx_word' id='word_1_200' title='bbox 3776 3354 3850 3413; x_wconf 91' lang='lat' dir='ltr'>ut</span> <span class='ocrx_word' id='word_1_201' title='bbox 3899 3342 4037 3413; x_wconf 89' lang='lat' dir='ltr'>fieri</span> <span class='ocrx_word' id='word_1_202' title='bbox 4070 3343 4544 3441; x_wconf 89' lang='lat' dir='ltr'>possit,quam</span> 
     </span>
     <span class='ocr_line' id='line_1_23' title="bbox 1507 3457 4548 3560; baseline -0 -28"><span class='ocrx_word' id='word_1_203' title='bbox 1507 3461 1921 3560; x_wconf 85' lang='lat' dir='ltr'>paradoxum</span> <span class='ocrx_word' id='word_1_204' title='bbox 1981 3460 2314 3545; x_wconf 87' lang='lat' dir='ltr'>videatur,</span> <span class='ocrx_word' id='word_1_205' title='bbox 2393 3461 2476 3530; x_wconf 89' lang='lat' dir='ltr'>P.</span> <span class='ocrx_word' id='word_1_206' title='bbox 2527 3476 2884 3532; x_wconf 82' lang='lat' dir='ltr'>nutantem</span> <span class='ocrx_word' id='word_1_207' title='bbox 2949 3488 2988 3532; x_wconf 90' lang='lat' dir='ltr'>a</span> <span class='ocrx_word' id='word_1_208' title='bbox 3052 3459 3135 3533; x_wconf 94' lang='lat' dir='ltr'>P.</span> <span class='ocrx_word' id='word_1_209' title='bbox 3196 3464 3444 3533; x_wconf 86' lang='lat' dir='ltr'>nitente</span> <span class='ocrx_word' id='word_1_210' title='bbox 3519 3472 3743 3531; x_wconf 84' lang='lat' dir='ltr'>natum</span> <span class='ocrx_word' id='word_1_211' title='bbox 3802 3487 3976 3533; x_wconf 88' lang='lat' dir='ltr'>esse.</span> <span class='ocrx_word' id='word_1_212' title='bbox 4104 3457 4264 3532; x_wconf 89' lang='lat' dir='ltr'>Nec</span> <span class='ocrx_word' id='word_1_213' title='bbox 4332 3462 4548 3531; x_wconf 89' lang='lat' dir='ltr'>minus</span> 
     </span>
     <span class='ocr_line' id='line_1_24' title="bbox 1509 3577 4540 3664; baseline 0 -14"><span class='ocrx_word' id='word_1_214' title='bbox 1509 3578 1777 3651; x_wconf 79' lang='lat' dir='ltr'>fallaces</span> <span class='ocrx_word' id='word_1_215' title='bbox 1824 3590 1977 3650; x_wconf 88' lang='lat' dir='ltr'>sunt</span> <span class='ocrx_word' id='word_1_216' title='bbox 2021 3577 2272 3648; x_wconf 76' lang='lat' dir='ltr'>formae</span> <span class='ocrx_word' id='word_1_217' title='bbox 2327 3578 2618 3649; x_wconf 87' lang='lat' dir='ltr'>sitaneae</span> <span class='ocrx_word' id='word_1_218' title='bbox 2671 3590 2740 3650; x_wconf 91' lang='lat' dir='ltr'>et</span> <span class='ocrx_word' id='word_1_219' title='bbox 2784 3605 3109 3664; x_wconf 87' lang='lat' dir='ltr'>annosae,</span> <span class='ocrx_word' id='word_1_220' title='bbox 3189 3591 3257 3651; x_wconf 92' lang='lat' dir='ltr'>et</span> <span class='ocrx_word' id='word_1_221' title='bbox 3323 3581 3490 3651; x_wconf 88' lang='lat' dir='ltr'>inter</span> <span class='ocrx_word' id='word_1_222' title='bbox 3563 3578 3692 3651; x_wconf 91' lang='lat' dir='ltr'>hos</span> <span class='ocrx_word' id='word_1_223' title='bbox 3768 3590 4109 3651; x_wconf 89' lang='lat' dir='ltr'>emortuae</span> <span class='ocrx_word' id='word_1_224' title='bbox 4161 3590 4231 3652; x_wconf 90' lang='lat' dir='ltr'>et</span> <span class='ocrx_word' id='word_1_225' title='bbox 4276 3580 4540 3652; x_wconf 85' lang='lat' dir='ltr'>revive-</span> 
     </span>
    </p>
   </div>
   <div class='ocr_carea' id='block_1_9' title="bbox 1507 3693 4541 3886">
    <p class='ocr_par' dir='ltr' id='par_1_9' title="bbox 1507 3693 4541 3886">
     <span class='ocr_line' id='line_1_25' title="bbox 1512 3693 4541 3797; baseline -0.001 -28"><span class='ocrx_word' id='word_1_226' title='bbox 1512 3708 1797 3769; x_wconf 84' lang='lat' dir='ltr'>scentes.</span> <span class='ocrx_word' id='word_1_227' title='bbox 1903 3693 1994 3766; x_wconf 92' lang='lat' dir='ltr'>Hi</span> <span class='ocrx_word' id='word_1_228' title='bbox 2043 3707 2180 3766; x_wconf 89' lang='lat' dir='ltr'>tres</span> <span class='ocrx_word' id='word_1_229' title='bbox 2233 3705 2460 3789; x_wconf 59' lang='lat' dir='ltr'>status¹</span> <span class='ocrx_word' id='word_1_230' title='bbox 2493 3723 2556 3767; x_wconf 86' lang='lat' dir='ltr'>v.</span> <span class='ocrx_word' id='word_1_231' title='bbox 2610 3722 2668 3767; x_wconf 89' lang='lat' dir='ltr'>c.</span> <span class='ocrx_word' id='word_1_232' title='bbox 2722 3696 2808 3766; x_wconf 97' lang='grc' dir='ltr'>Ρ.</span> <span class='ocrx_word' id='word_1_233' title='bbox 2845 3696 3196 3794; x_wconf 77' lang='lat' dir='ltr'>pinicolae</span> <span class='ocrx_word' id='word_1_234' title='bbox 3242 3722 3371 3795; x_wconf 86' lang='lat' dir='ltr'>pro</span> <span class='ocrx_word' id='word_1_235' title='bbox 3421 3695 3698 3769; x_wconf 90' lang='lat' dir='ltr'>totidem</span> <span class='ocrx_word' id='word_1_236' title='bbox 3752 3698 4115 3797; x_wconf 89' lang='lat' dir='ltr'>speciebus</span> <span class='ocrx_word' id='word_1_237' title='bbox 4168 3696 4377 3795; x_wconf 88' lang='lat' dir='ltr'>vulgo</span> <span class='ocrx_word' id='word_1_238' title='bbox 4432 3722 4541 3768; x_wconf 89' lang='lat' dir='ltr'>su·</span> 
     </span>
     <span class='ocr_line' id='line_1_26' title="bbox 1507 3826 1790 3886; baseline -0.007 0"><span class='ocrx_word' id='word_1_239' title='bbox 1507 3826 1790 3886; x_wconf 89' lang='lat' dir='ltr'>muntur.</span> 
     </span>
    </p>
   </div>
   <div class='ocr_carea' id='block_1_10' title="bbox 1311 3949 3379 4198">
    <p class='ocr_par' dir='ltr' id='par_1_10' title="bbox 1311 3949 3379 4198">
     <span class='ocr_line' id='line_1_27' title="bbox 1311 3949 3379 4051; baseline -0.005 -18"><span class='ocrx_word' id='word_1_240' title='bbox 1311 3968 1408 4034; x_wconf 83' lang='lat'>36.</span> <span class='ocrx_word' id='word_1_241' title='bbox 1516 3954 1594 4027; x_wconf 88' lang='grc' dir='ltr'>Ρ.</span> <span class='ocrx_word' id='word_1_242' title='bbox 1653 3952 2178 4051; x_wconf 75' lang='lat' dir='ltr'>(FoMEN‘rAa.)</span> <span class='ocrx_word' id='word_1_243' title='bbox 2233 3973 2717 4026; x_wconf 75' lang='lat' dir='ltr'>pnnmonms.</span> <span class='ocrx_word' id='word_1_244' title='bbox 2820 3949 3059 4049; x_wconf 87' lang='lat' dir='ltr'>Epicr.</span> <span class='ocrx_word' id='word_1_245' title='bbox 3113 3976 3183 4050; x_wconf 87' lang='lat' dir='ltr'>p.</span> <span class='ocrx_word' id='word_1_246' title='bbox 3240 3957 3379 4024; x_wconf 79' lang='grc'><strong>463.</strong></span> 
     </span>
     <span class='ocr_line' id='line_1_28' title="bbox 1605 4098 3271 4198; baseline -0.005 -20"><span class='ocrx_word' id='word_1_247' title='bbox 1605 4105 1687 4178; x_wconf 92' lang='lat' dir='ltr'>In</span> <span class='ocrx_word' id='word_1_248' title='bbox 1737 4101 2025 4176; x_wconf 86' lang='lat' dir='ltr'>Guinea</span> <span class='ocrx_word' id='word_1_249' title='bbox 2074 4098 2168 4173; x_wconf 85' lang='lat' dir='ltr'>ad</span> <span class='ocrx_word' id='word_1_250' title='bbox 2222 4108 2538 4173; x_wconf 80' lang='lat' dir='ltr'>truncos,</span> <span class='ocrx_word' id='word_1_251' title='bbox 2646 4098 3006 4198; x_wconf 78' lang='lat' dir='ltr'>Afzelius,</span> <span class='ocrx_word' id='word_1_252' title='bbox 3059 4099 3156 4171; x_wconf 86' lang='lat' dir='ltr'>Ic.</span> <span class='ocrx_word' id='word_1_253' title='bbox 3208 4107 3271 4171; x_wconf 73' lang='lat'>2.</span> 
     </span>
    </p>
   </div>
   <div class='ocr_carea' id='block_1_11' title="bbox 1497 4248 4545 5415">
    <p class='ocr_par' dir='ltr' id='par_1_11' title="bbox 1497 4248 4545 5415">
     <span class='ocr_line' id='line_1_29' title="bbox 1608 4248 4542 4350; baseline -0 -25"><span class='ocrx_word' id='word_1_254' title='bbox 1608 4253 1741 4327; x_wconf 91' lang='lat' dir='ltr'>Est</span> <span class='ocrx_word' id='word_1_255' title='bbox 1787 4255 1854 4323; x_wconf 87' lang='lat' dir='ltr'>in</span> <span class='ocrx_word' id='word_1_256' title='bbox 1924 4252 2130 4349; x_wconf 89' lang='lat' dir='ltr'>stirpe</span> <span class='ocrx_word' id='word_1_257' title='bbox 2172 4254 2625 4348; x_wconf 73' lang='lat' dir='ltr'>sementaria</span> <span class='ocrx_word' id='word_1_258' title='bbox 2696 4250 3107 4324; x_wconf 90' lang='lat' dir='ltr'>nobilissima</span> <span class='ocrx_word' id='word_1_259' title='bbox 3186 4252 3473 4348; x_wconf 87' lang='lat' dir='ltr'>species.</span> <span class='ocrx_word' id='word_1_260' title='bbox 3577 4248 3806 4322; x_wconf 89' lang='lat' dir='ltr'>Pileus</span> <span class='ocrx_word' id='word_1_261' title='bbox 3858 4251 4196 4350; x_wconf 87' lang='lat' dir='ltr'>lignosus,</span> <span class='ocrx_word' id='word_1_262' title='bbox 4267 4252 4542 4327; x_wconf 86' lang='lat' dir='ltr'>durissi-</span> 
     </span>
     <span class='ocr_line' id='line_1_30' title="bbox 1509 4368 4545 4467; baseline -0.002 -21"><span class='ocrx_word' id='word_1_263' title='bbox 1509 4402 1688 4460; x_wconf 91' lang='lat' dir='ltr'>mus,</span> <span class='ocrx_word' id='word_1_264' title='bbox 1739 4372 1886 4444; x_wconf 88' lang='lat' dir='ltr'>basi</span> <span class='ocrx_word' id='word_1_265' title='bbox 1940 4382 2326 4467; x_wconf 86' lang='lat' dir='ltr'>angustatus</span> <span class='ocrx_word' id='word_1_266' title='bbox 2361 4382 2429 4444; x_wconf 89' lang='lat' dir='ltr'>et</span> <span class='ocrx_word' id='word_1_267' title='bbox 2456 4370 2746 4456; x_wconf 85' lang='lat' dir='ltr'>sessilis,</span> <span class='ocrx_word' id='word_1_268' title='bbox 2782 4396 2912 4442; x_wconf 89' lang='lat' dir='ltr'>nec</span> <span class='ocrx_word' id='word_1_269' title='bbox 2941 4369 3145 4441; x_wconf 86' lang='lat' dir='ltr'>latere</span> <span class='ocrx_word' id='word_1_270' title='bbox 3176 4368 3537 4442; x_wconf 87' lang='lat' dir='ltr'>diametrali</span> <span class='ocrx_word' id='word_1_271' title='bbox 3590 4368 3902 4458; x_wconf 87' lang='lat' dir='ltr'>adnatus,</span> <span class='ocrx_word' id='word_1_272' title='bbox 3956 4372 4378 4459; x_wconf 88' lang='lat' dir='ltr'>orbicularis,</span> <span class='ocrx_word' id='word_1_273' title='bbox 4420 4377 4545 4445; x_wconf 71' lang='lat'>2-3</span> 
     </span>
     <span class='ocr_line' id='line_1_31' title="bbox 1514 4486 4539 4589; baseline -0.002 -24"><span class='ocrx_word' id='word_1_274' title='bbox 1514 4518 1660 4565; x_wconf 88' lang='lat' dir='ltr'>unc.</span> <span class='ocrx_word' id='word_1_275' title='bbox 1714 4490 1884 4563; x_wconf 91' lang='lat' dir='ltr'>latus</span> <span class='ocrx_word' id='word_1_276' title='bbox 1928 4489 2162 4561; x_wconf 89' lang='lat' dir='ltr'>leviter</span> <span class='ocrx_word' id='word_1_277' title='bbox 2214 4515 2592 4576; x_wconf 80' lang='lat' dir='ltr'>convexuS,</span> <span class='ocrx_word' id='word_1_278' title='bbox 2636 4514 2674 4560; x_wconf 88' lang='lat' dir='ltr'>a</span> <span class='ocrx_word' id='word_1_279' title='bbox 2724 4489 2871 4565; x_wconf 90' lang='lat' dir='ltr'>basi</span> <span class='ocrx_word' id='word_1_280' title='bbox 2929 4486 3015 4559; x_wconf 92' lang='lat' dir='ltr'>ad</span> <span class='ocrx_word' id='word_1_281' title='bbox 3065 4490 3429 4585; x_wconf 89' lang='lat' dir='ltr'>marginem</span> <span class='ocrx_word' id='word_1_282' title='bbox 3484 4488 3941 4575; x_wconf 88' lang='lat' dir='ltr'>sublobatum,</span> <span class='ocrx_word' id='word_1_283' title='bbox 3984 4489 4187 4587; x_wconf 88' lang='lat' dir='ltr'>vulgo</span> <span class='ocrx_word' id='word_1_284' title='bbox 4241 4489 4539 4589; x_wconf 88' lang='lat' dir='ltr'>duplica-</span> 
     </span>
     <span class='ocr_line' id='line_1_32' title="bbox 1505 4605 4538 4709; baseline -0.002 -27"><span class='ocrx_word' id='word_1_285' title='bbox 1505 4625 1684 4697; x_wconf 87' lang='lat' dir='ltr'>tum,</span> <span class='ocrx_word' id='word_1_286' title='bbox 1733 4611 1912 4709; x_wconf 87' lang='lat' dir='ltr'>jugis</span> <span class='ocrx_word' id='word_1_287' title='bbox 1963 4607 2369 4679; x_wconf 87' lang='lat' dir='ltr'>radiantibus</span> <span class='ocrx_word' id='word_1_288' title='bbox 2422 4634 2745 4706; x_wconf 82' lang='lat' dir='ltr'>rugosus,</span> <span class='ocrx_word' id='word_1_289' title='bbox 2814 4608 3001 4706; x_wconf 87' lang='lat' dir='ltr'>quasi</span> <span class='ocrx_word' id='word_1_290' title='bbox 3049 4632 3087 4678; x_wconf 92' lang='lat' dir='ltr'>e</span> <span class='ocrx_word' id='word_1_291' title='bbox 3153 4605 3373 4704; x_wconf 90' lang='lat' dir='ltr'>digitis</span> <span class='ocrx_word' id='word_1_292' title='bbox 3429 4607 3495 4677; x_wconf 91' lang='lat' dir='ltr'>in</span> <span class='ocrx_word' id='word_1_293' title='bbox 3549 4605 3799 4703; x_wconf 90' lang='lat' dir='ltr'>pedem</span> <span class='ocrx_word' id='word_1_294' title='bbox 3868 4608 4125 4679; x_wconf 89' lang='lat' dir='ltr'>coalitis</span> <span class='ocrx_word' id='word_1_295' title='bbox 4200 4607 4538 4681; x_wconf 81' lang='lat' dir='ltr'>formatus.</span> 
     </span>
     <span class='ocr_line' id='line_1_33' title="bbox 1507 4723 4538 4829; baseline -0.002 -25"><span class='ocrx_word' id='word_1_296' title='bbox 1507 4727 1923 4829; x_wconf 74' lang='lat' dir='ltr'>superficies</span> <span class='ocrx_word' id='word_1_297' title='bbox 1953 4738 2248 4799; x_wconf 89' lang='lat' dir='ltr'>ceterum</span> <span class='ocrx_word' id='word_1_298' title='bbox 2277 4725 2892 4810; x_wconf 86' lang='lat' dir='ltr'>crustato-laccata,</span> <span class='ocrx_word' id='word_1_299' title='bbox 2943 4724 3372 4820; x_wconf 87' lang='lat' dir='ltr'>glaberrima,</span> <span class='ocrx_word' id='word_1_300' title='bbox 3428 4723 3661 4810; x_wconf 86' lang='lat' dir='ltr'>nitida,</span> <span class='ocrx_word' id='word_1_301' title='bbox 3713 4724 3979 4822; x_wconf 80' lang='lat' dir='ltr'>fragiliS,</span> <span class='ocrx_word' id='word_1_302' title='bbox 4032 4752 4268 4798; x_wconf 87' lang='lat' dir='ltr'>versus</span> <span class='ocrx_word' id='word_1_303' title='bbox 4298 4726 4538 4824; x_wconf 88' lang='lat' dir='ltr'>margi-</span> 
     </span>
     <span class='ocr_line' id='line_1_34' title="bbox 1505 4842 4539 4943; baseline -0.002 -22"><span class='ocrx_word' id='word_1_304' title='bbox 1505 4876 1657 4922; x_wconf 89' lang='lat' dir='ltr'>nem</span> <span class='ocrx_word' id='word_1_305' title='bbox 1714 4846 2138 4919; x_wconf 87' lang='lat' dir='ltr'>concentrice</span> <span class='ocrx_word' id='word_1_306' title='bbox 2192 4843 2472 4929; x_wconf 86' lang='lat' dir='ltr'>sulcata,</span> <span class='ocrx_word' id='word_1_307' title='bbox 2522 4855 2677 4915; x_wconf 88' lang='lat' dir='ltr'>atra.</span> <span class='ocrx_word' id='word_1_308' title='bbox 2784 4842 3155 4915; x_wconf 85' lang='lat' dir='ltr'>Contextus</span> <span class='ocrx_word' id='word_1_309' title='bbox 3207 4843 3538 4941; x_wconf 74' lang='lat' dir='ltr'>lignosuS,</span> <span class='ocrx_word' id='word_1_310' title='bbox 3588 4842 3832 4941; x_wconf 87' lang='lat' dir='ltr'>pallide</span> <span class='ocrx_word' id='word_1_311' title='bbox 3876 4844 4254 4932; x_wconf 87' lang='lat' dir='ltr'>umbrinus,</span> <span class='ocrx_word' id='word_1_312' title='bbox 4309 4870 4539 4943; x_wconf 85' lang='lat' dir='ltr'>quam-</span> 
     </span>
     <span class='ocr_line' id='line_1_35' title="bbox 1508 4958 4538 5065; baseline -0.001 -29"><span class='ocrx_word' id='word_1_313' title='bbox 1508 4992 1704 5065; x_wconf 86' lang='lat' dir='ltr'>quam</span> <span class='ocrx_word' id='word_1_314' title='bbox 1759 4963 2149 5035; x_wconf 87' lang='lat' dir='ltr'>durissimus</span> <span class='ocrx_word' id='word_1_315' title='bbox 2202 4988 2238 5031; x_wconf 86' lang='lat' dir='ltr'>a</span> <span class='ocrx_word' id='word_1_316' title='bbox 2291 4961 2480 5034; x_wconf 88' lang='lat' dir='ltr'>tineis</span> <span class='ocrx_word' id='word_1_317' title='bbox 2525 4964 2766 5035; x_wconf 87' lang='lat' dir='ltr'>misere</span> <span class='ocrx_word' id='word_1_318' title='bbox 2814 4974 3113 5034; x_wconf 85' lang='lat' dir='ltr'>vexatus.</span> <span class='ocrx_word' id='word_1_319' title='bbox 3219 4958 3386 5033; x_wconf 89' lang='lat' dir='ltr'>Pori</span> <span class='ocrx_word' id='word_1_320' title='bbox 3437 4962 3932 5060; x_wconf 76' lang='lat' dir='ltr'>impalpabileS,</span> <span class='ocrx_word' id='word_1_321' title='bbox 3987 4964 4242 5049; x_wconf 79' lang='lat' dir='ltr'>obtusi&#39;,</span> <span class='ocrx_word' id='word_1_322' title='bbox 4287 4962 4538 5061; x_wconf 86' lang='lat' dir='ltr'>longis-</span> 
     </span>
     <span class='ocr_line' id='line_1_36' title="bbox 1506 5078 4537 5179; baseline -0.002 -24"><span class='ocrx_word' id='word_1_323' title='bbox 1506 5085 1685 5167; x_wconf 89' lang='lat' dir='ltr'>simi,</span> <span class='ocrx_word' id='word_1_324' title='bbox 1746 5080 1990 5179; x_wconf 86' lang='lat' dir='ltr'>pallide</span> <span class='ocrx_word' id='word_1_325' title='bbox 2044 5081 2323 5152; x_wconf 89' lang='lat' dir='ltr'>umbrini</span> <span class='ocrx_word' id='word_1_326' title='bbox 2369 5083 2436 5152; x_wconf 91' lang='lat' dir='ltr'>in</span> <span class='ocrx_word' id='word_1_327' title='bbox 2494 5093 2767 5153; x_wconf 86' lang='lat' dir='ltr'>stratum</span> <span class='ocrx_word' id='word_1_328' title='bbox 2816 5080 3051 5153; x_wconf 84' lang='lat' dir='ltr'>durum</span> <span class='ocrx_word' id='word_1_329' title='bbox 3084 5078 3358 5152; x_wconf 87' lang='lat' dir='ltr'>nitidum</span> <span class='ocrx_word' id='word_1_330' title='bbox 3407 5081 3640 5154; x_wconf 86' lang='lat' dir='ltr'>coaliti.</span> <span class='ocrx_word' id='word_1_331' title='bbox 3676 5125 3769 5136; x_wconf 89' lang='lat'>—</span> <span class='ocrx_word' id='word_1_332' title='bbox 3801 5082 3885 5151; x_wconf 89' lang='lat' dir='ltr'>P.</span> <span class='ocrx_word' id='word_1_333' title='bbox 3924 5082 4289 5153; x_wconf 73' lang='lat' dir='ltr'>sideroides</span> <span class='ocrx_word' id='word_1_334' title='bbox 4339 5079 4537 5153; x_wconf 90' lang='lat' dir='ltr'>Lev.!</span> 
     </span>
     <span class='ocr_line' id='line_1_37' title="bbox 1507 5196 4537 5301; baseline -0.001 -27"><span class='ocrx_word' id='word_1_335' title='bbox 1507 5204 1545 5274; x_wconf 92' lang='lat' dir='ltr'>l.</span> <span class='ocrx_word' id='word_1_336' title='bbox 1602 5230 1660 5273; x_wconf 90' lang='lat' dir='ltr'>c.</span> <span class='ocrx_word' id='word_1_337' title='bbox 1705 5205 1886 5272; x_wconf 69' lang='lat'>4844.</span> <span class='ocrx_word' id='word_1_338' title='bbox 1941 5196 2025 5270; x_wconf 89' lang='grc' dir='ltr'>ΙΙ.</span> <span class='ocrx_word' id='word_1_339' title='bbox 2079 5226 2145 5297; x_wconf 90' lang='lat' dir='ltr'>p.</span> <span class='ocrx_word' id='word_1_340' title='bbox 2195 5205 2345 5285; x_wconf 69' lang='lat'>182,</span> <span class='ocrx_word' id='word_1_341' title='bbox 2399 5203 2638 5300; x_wconf 80' lang='lat' dir='ltr'>stipitis</span> <span class='ocrx_word' id='word_1_342' title='bbox 2680 5200 3053 5274; x_wconf 90' lang='lat' dir='ltr'>rudimento</span> <span class='ocrx_word' id='word_1_343' title='bbox 3085 5199 3376 5296; x_wconf 86' lang='lat' dir='ltr'>insignis,</span> <span class='ocrx_word' id='word_1_344' title='bbox 3440 5226 3478 5273; x_wconf 89' lang='lat' dir='ltr'>e</span> <span class='ocrx_word' id='word_1_345' title='bbox 3530 5198 3744 5272; x_wconf 89' lang='lat' dir='ltr'>descr.</span> <span class='ocrx_word' id='word_1_346' title='bbox 3800 5200 3997 5271; x_wconf 83' lang='lat' dir='ltr'>variis</span> <span class='ocrx_word' id='word_1_347' title='bbox 4047 5200 4223 5272; x_wconf 88' lang='lat' dir='ltr'>notis</span> <span class='ocrx_word' id='word_1_348' title='bbox 4270 5198 4537 5301; x_wconf 87' lang='lat' dir='ltr'>quidem</span> 
     </span>
     <span class='ocr_line' id='line_1_38' title="bbox 1497 5316 2760 5415; baseline -0.004 -19"><span class='ocrx_word' id='word_1_349' title='bbox 1497 5321 1783 5405; x_wconf 87' lang='lat' dir='ltr'>recedit,</span> <span class='ocrx_word' id='word_1_350' title='bbox 1838 5316 1962 5390; x_wconf 88' lang='lat' dir='ltr'>sed</span> <span class='ocrx_word' id='word_1_351' title='bbox 2013 5316 2202 5391; x_wconf 83' lang='lat' dir='ltr'>facile</span> <span class='ocrx_word' id='word_1_352' title='bbox 2255 5330 2462 5391; x_wconf 89' lang='lat' dir='ltr'>status</span> <span class='ocrx_word' id='word_1_353' title='bbox 2515 5321 2760 5415; x_wconf 83' lang='lat' dir='ltr'>junior!</span> 
     </span>
    </p>
   </div>
   <div class='ocr_carea' id='block_1_12' title="bbox 4893 1253 4907 2854">
    <p class='ocr_par' dir='ltr' id='par_1_12' title="bbox 4893 1253 4907 2854">
     <span class='ocr_line' id='line_1_39' title="bbox 4893 1253 4907 2854; baseline 0 0"><span class='ocrx_word' id='word_1_354' title='bbox 4893 1253 4907 2854; x_wconf 95' lang='lat' dir='ltr'> </span> 
     </span>
    </p>
   </div>
   <div class='ocr_carea' id='block_1_13' title="bbox 4891 3192 4913 6516">
    <p class='ocr_par' dir='ltr' id='par_1_13' title="bbox 4891 3192 4913 6516">
     <span class='ocr_line' id='line_1_40' title="bbox 4891 3192 4913 6516; baseline 0 0"><span class='ocrx_word' id='word_1_355' title='bbox 4891 3192 4913 6516; x_wconf 95' lang='lat' dir='ltr'> </span> 
     </span>
    </p>
   </div>
  </div>
 </body>
</html>
