4984 6517
3439 523 3552 608 99

612 748 967 813 contextus
996 738 1190 812 albus
1248 748 1386 825 est,
1439 747 1508 810 et
1558 736 1823 836 Polyst.
1876 746 2288 834 sanguineo,
2339 759 2378 806 a
2433 759 2572 833 quo
2626 732 2845 809 differt
2864 734 3048 835 pileo
3095 739 3441 827 crassiori,
3496 763 3665 838 opa·
4848 802 4851 825 4

616 885 698 932 co
750 884 789 931 e
838 858 1198 958 superficie
1251 855 1991 956 flocculoso-laevigata
2041 853 2548 956 (anodermea),
2601 855 2790 953 poris
2844 856 3123 929 obtusis.
3240 857 3364 930 Tr.
3422 869 3667 932 cinna·

616 975 914 1050 ban-rina
963 977 1052 1049 ad
1107 974 1531 1078 Polystictos
1585 973 1866 1049 accedit.

711 1115 1095 1194 Monstrum
1148 1119 1342 1193 adest
1381 1116 1583 1217 hujus
1635 1120 1893 1217 speciei
1943 1116 2489 1203 tuberculosum,
2556 1143 2875 1216 aporum,
2938 1120 3116 1193 intus
3181 1146 3666 1207 cavernosum,

613 1239 973 1314 scrobibus
1022 1238 1390 1312 farinaceis.
1494 1235 1761 1310 Eximie
1814 1237 2096 1309 illustrat
2145 1231 2827 1309 CERATOPRORAM
2877 1235 3164 1325 Humb„
3235 1264 3434 1338 quam
3489 1238 3665 1312 Tra-

614 1360 807 1432 metis
858 1356 1183 1430 odoratae
1240 1359 1478 1430 sistere
1532 1352 2054 1455 anamorphosin
2131 1354 2384 1426 nullum
2455 1353 2734 1429 dubium
2815 1368 3055 1444 restat,
3115 1358 3273 1431 licet
3320 1361 3669 1457 negaverit

619 1475 886 1561 Corda,
961 1474 1501 1574 morphologiam
1580 1474 1940 1574 fungorum
2008 1499 2292 1573 prorsus
2342 1474 2715 1572 negligens.
2819 1472 3085 1549 Eadem
3135 1479 3303 1549 ratio
3362 1473 3668 1550 CELLU-

619 1615 916 1668 LARJAE
974 1592 1185 1681 Bull„
1240 1621 1278 1666 a
1330 1591 1682 1666 Bulliardo
1732 1596 1886 1693 ipso
1950 1591 2334 1679 reductum,
2406 1592 2533 1665 sed
2594 1619 2628 1663 a
2706 1590 2939 1665 Corda
2997 1596 3372 1668 restitutum
3431 1622 3668 1696 genus.
4854 1614 4861 1673 l

612 1713 822 1786 Aliud
887 1714 1271 1812 flagrantius
1334 1713 1719 1812 exemplum
1794 1712 2081 1811 praebet
2128 1707 2790 1784 PTYCROGASTER
2845 1710 3088 1800 Cord.,
3140 1716 3312 1787 iuter
3360 1711 3666 1788 Aethali-
4854 1702 4855 1707 ἵ

611 1859 741 1905 nos
818 1845 1172 1932 receptus,
1247 1834 1362 1931 qui
1415 1832 1505 1905 nil
1563 1832 1689 1904 nisi
1769 1830 2108 1930 Polypori
2171 1826 2463 1903 borealis
2515 1830 3061 1932 anamorphosis‚
3133 1834 3486 1932 quotannis
3565 1834 3668 1905 in·

618 1963 725 2024 ter
767 1951 1114 2049 vulgarem
1170 1952 1370 2024 obvia
1430 1952 1493 2023 in
1546 1949 2052 2049 Kungsparken
2108 1945 2452 2048 Upsaliae.

1254 2141 1716 2220 DAEDALEA.
1818 2144 2021 2219 Pers.
2080 2189 2174 2202 —
2226 2138 2467 2244 Epicr.
2522 2168 2591 2244 p.
2647 2143 2816 2217 492.

722 2283 967 2360 Genus
1016 2287 1289 2359 limitatu
1320 2288 1771 2363 difficillimum
1822 2302 1891 2363 et
1943 2317 1982 2362 a
2034 2286 2355 2363 Tramete
2401 2290 2516 2362 vix
2567 2288 2926 2364 diversum.
3012 2286 3436 2426 ‘Morphosis
3490 2292 3668 2363 sinu-

629 2404 844 2477 lorum
895 2406 1038 2493 alia,
1086 2409 1454 2506 praecipue
1500 2411 1568 2482 in
1618 2411 1844 2511 typica
1874 2409 2240 2481 Daedalea
2290 2417 2640 2507 quercina.
2741 2406 2820 2481 In
2869 2410 3117 2508 pagina
3160 2409 3485 2496 inferiori,
3530 2410 3671 2508 pri—

619 2525 815 2596 mitus
870 2550 1114 2622 apora‚
1190 2528 1409 2625 primo
1462 2528 1908 2600 observantur
1962 2529 2117 2626 pori
2169 2529 2422 2627 sparsi,
2503 2529 2752 2601 sensim
2836 2529 2903 2600 in
2981 2527 3236 2600 sinulos
3316 2528 3670 2626 elongatos

622 2643 1101 2741 intricatosque
1179 2643 1455 2731 dilatati,
1512 2645 1920 2745 demumque
1966 2645 2308 2719 lamellosi.
2424 2644 2489 2717 E
2538 2647 2902 2746 speciebus
2956 2646 3200 2747 typicis
3251 2646 3429 2718 nulla
3480 2644 3672 2718 adest

627 2764 894 2859 species
943 2762 1011 2835 in
1058 2761 1161 2836 his
1216 2762 1761 2852 collectionibus,
1818 2762 1943 2838 sed
1994 2763 2169 2838 duae
2219 2763 2417 2837 valde
2470 2762 2870 2837 recedentes
2923 2775 2992 2838 et
3040 2766 3358 2864 insignes.

446 2901 500 2969 1.
623 2894 714 2969 D.
771 2896 1297 2985 Summum,
1347 2898 1545 2998 pileo
1592 2898 1934 2975 coriaceo
1983 2897 2212 2975 flexili
2264 2897 2969 2975 umbonato-adnato
3036 2902 3373 3003 utrinque
3426 2897 3670 3001 appla-

631 3023 794 3089 nato
853 3015 1322 3091 concentrice
1374 3015 1652 3092 sulcato
1708 3018 1966 3120 glabro
2019 3016 2298 3105 albido,
2365 3015 2720 3119 hymenio
2793 3018 3324 3094 intricatissimo
3404 3017 3673 3093 daeda-

631 3130 748 3206 leo
803 3133 1236 3208 obscuriori.

722 3272 850 3347 Ad
900 3281 1200 3348 truncos
1250 3298 1486 3375 prope
1542 3274 1690 3350 San
1737 3277 1924 3352 Joce
1976 3276 2051 3352 in
2101 3279 2323 3355 Costa
2370 3277 2571 3353 Rica.
2687 3265 2956 3354 Ursted.

724 3420 1009 3496 Minima
1056 3436 1125 3498 et
1170 3428 1554 3498 tenuissima
1608 3425 1932 3499 hactenus
2004 3427 2275 3525 cognita
2328 3426 2631 3525 species,
2705 3427 2819 3498 vix
2888 3425 3197 3512 uncialis,
3249 3424 3675 3521 vegetatione

635 3536 1027 3615 Stercorum
1092 3548 1540 3642 tropicorum,
1615 3544 2242 3617 umbonatosessilis
2316 3555 2385 3617 et
2463 3545 2731 3641 postice
2782 3544 3079 3617 breviter
3126 3554 3472 3643 porrecta,
3555 3538 3681 3614 sed

627 3660 851 3760 quoad
902 3659 1288 3762 hymenium
1342 3688 1471 3761 pro
1526 3666 1797 3761 generis
1849 3674 2016 3764 typo
2076 3662 2277 3736 ideali
2341 3688 2839 3762 proponerem,
2922 3664 2978 3734 si
3035 3660 3424 3760 morphosis
3475 3660 3678 3760 plene

627 3784 896 3878 cognita
948 3792 1149 3852 esset.
1255 3778 1442 3852 Nulli
1493 3784 1668 3854 euim
1720 3781 1965 3854 adsunt
2009 3782 2225 3880 pori!,
2275 3792 2529 3853 tantum
2582 3780 2775 3855 sinuli
2827 3783 3074 3855 ramosi
3124 3781 3194 3854 'et
3242 3781 3542 3865 intricati,
3591 3777 3677 3850 ab

626 3925 760 3971 uno
816 3898 904 3970 ad
953 3899 1230 3971 alterum
1288 3902 1655 3997 marginem
1730 3902 2057 4000 porrecti,
2130 3898 2311 3974 unde
2396 3900 2877 3998 dissepimenta
2931 3901 2998 3972 in
3048 3898 3413 3972 lamellulas
3466 3897 3681 3969 denti-

623 4017 872 4091 sormes
930 4017 1246 4117 abrupta,
1316 4019 1496 4091 nullo
1561 4018 1767 4090 modo
1848 4030 2070 4092 tamen
2141 4017 2547 4119 hydnoidea.
2673 4016 2910 4091 Pileus
2974 4017 3385 4103 reniformis,
3432 4016 3680 4101 tenuis,

633 4136 943 4209 obsolete
994 4149 1061 4209 et
1115 4136 1326 4211 dense.
1369 4140 1795 4211 concentrice
1845 4138 2172 4223 sulcatus,
2225 4134 2351 4209 sed
2402 4116 2711 4210 unicolor
2745 4136 3010 4235 (colore
3035 4134 3323 4235 ligneo),
3381 4136 3679 4234 margine

631 4256 1016 4328 acutissimo
1072 4268 1294 4341 recto,
1347 4256 1585 4329 subtus
1635 4257 1838 4329 sterili
1891 4253 2239 4354 pallidiori.

437 4393 502 4466 2.
632 4392 726 4468 D.
780 4416 1082 4470 Mouls.
1191 4393 1616 4470 Sommerf.!
1694 4438 1788 4451 -
1854 4393 2098 4494 Epicr.
2167 4416 2238 4493 p.
2311 4392 2482 4465 495.
2592 4394 2743 4467 Pol.
2810 4404 3144 4466 cervinus.
3221 4390 3424 4464 Pers.
3480 4385 3677 4488 Myc.

631 4511 804 4586 Eur.
855 4514 942 4588 Π.
989 4537 1058 4612 p.
1121 4511 1238 4589 87.
1297 4537 1397 4587 ex
1449 4512 1666 4587 Berk.

730 4653 814 4727 In
873 4651 1173 4727 Mexico
1232 4652 1329 4727 ad
1377 4654 1740 4728 Huatano.
1794 4651 2153 4728 Liebman.

737 4794 1060 4895 Fungus,
1112 4797 1343 4871 nullibi
1393 4800 1738 4898 vulgatus,
1789 4809 2128 4898 proventu
2178 4799 2243 4869 in
2284 4795 2747 4870 remotissimis
2810 4796 3004 4868 terris
3062 4791 3531 4866 memorabilis.
3615 4787 3687 4862 A

633 4917 912 4989 matrice
967 4916 1298 4991 discretus
1327 4930 1395 4991 et
1426 4917 1857 5017 separabilis,
1912 4917 2070 4990 licet
2115 4928 2295 4989 totus
2347 4915 2804 5012 resupinatus,
2853 4913 3153 5010 margine
3180 4936 3344 4985 vero
3394 4909 3688 5008 undique

633 5030 848 5106 libero
908 5047 978 5108 et
1032 5061 1242 5135 saepe
1290 5036 1612 5108 involuto.
1714 5032 1955 5108 Junior
1997 5036 2262 5108 mollior
2306 5043 2444 5119 est,
2492 5033 2871 5105 exsiccatus
2920 5056 3082 5103 vere
3134 5032 3425 5128 rigescit.
3501 5026 3687 5104 Sub-

636 5162 747 5223 tus
799 5178 1076 5251 semper
1124 5155 1471 5227 umbrinus
1525 5166 1659 5240 est3
1737 5154 2122 5255 hymenium
2177 5155 2244 5226 in
2314 5163 2562 5252 vegeto
2636 5151 2892 5238 album,
2974 5150 3041 5221 in
3112 5148 3381 5222 exoleto
3438 5151 3686 5222 umbri-
