4984 6517
1491 807 1694 880 aegre
1749 780 2133 878 conspicuis
2187 790 2257 853 et
2299 781 2412 852 vix
2460 781 2498 876 ᾖ
2545 775 2651 848 lin.
2709 771 3096 873 profundis,
3143 800 3262 849 ore
3312 772 3599 871 regulari
3650 774 3963 849 rotundo.
4069 769 4326 853 Quoad
4376 789 4513 851 tex-

1349 904 1364 915 ”
1486 912 1696 972 turam
1741 901 1828 971 Ρ.
1880 896 2173 972 betuliae
2224 912 2338 971 aut
2386 898 2613 997 potius
2669 894 2755 964 P.
2805 894 3158 992 ffficinali
3215 894 3325 994 (ε.-
3360 894 3446 964 Ρ.
3481 893 3805 993 palustri
3855 892 4100 968 Berk.!
4179 905 4252 967 et
4331 891 4511 969 Curt.

1486 1015 1681 1091 Cent.
1739 1014 1858 1089 ΠΙ.
1908 1044 1973 1088 n.
2023 1022 2145 1089 2⁴5
2203 1019 2355 1116 ipso
2408 1014 2755 1114 monente)
2815 1011 3041 1084 affinis

1400 1176 1434 1210 ⁶
1481 1174 1564 1249 P.
1616 1195 2037 1249 OBDUCTUS
2093 1172 2335 1249 Berk.!
2416 1171 2610 1247 Cent.
2663 1169 2713 1245 I.
2764 1200 2828 1244 n.
2881 1178 2963 1243 80
3015 1167 3565 1268 quoddammodo
3632 1170 4201 1270 praecedentibus
4280 1168 4514 1257 affinis,

1491 1294 1616 1370 sed
1678 1297 1904 1394 potius
1968 1320 2186 1367 novae
2241 1294 2463 1392 stirpis
2542 1290 3005 1362 rudimentum.
3106 1291 3192 1361 P.
3247 1305 3629 1361 strumosus
3690 1286 3922 1388 Epicr.
3974 1316 4042 1388 p.
4091 1295 4234 1362 462.
4290 1288 4511 1362 habitu

1490 1415 1690 1513 hujus
1743 1416 1965 1513 stirpis
2012 1413 2052 1484 l.
2103 1413 2330 1511 potius
2351 1408 2714 1483 P.dichroi
2748 1434 3134 1508 epororum
3183 1406 3530 1505 morphosi
3583 1406 3906 1481 referatur
3952 1407 4037 1479 ad
4075 1406 4511 1509 Polystictos.

2160 1592 2388 1693 Stirps
2441 1593 2530 1666 Ο.
2636 1593 3037 1667 ΡοιΥΡοιιι
3086 1614 3636 1667 ιωΝῑεεΕΝτιε.

1587 1739 1784 1813 Haec
1833 1767 2011 1812 nova
2065 1743 2300 1841 stirps,
2353 1753 2520 1842 typo
2573 1742 2658 1813 P.
2704 1741 2975 1835 saligno
3025 1736 3396 1838 Europaeo
3443 1737 3705 1838 (Epicr.
3752 1766 3819 1837 p.
3873 1736 4061 1838 452),
4115 1736 4369 1834 colligit
4416 1739 4509 1807 in-

1489 1863 1746 1959 signem
1798 1885 2141 1932 numerum
2202 1862 2578 1959 specierum
2640 1862 3046 1933 exoticarum
3099 1884 3161 1928 v.
3210 1884 3267 1928 c.
3319 1858 3405 1928 Ρ.
3460 1857 3931 1950 liguescentem
3984 1853 4163 1943 Kl.!,
4231 1857 4317 1927 P.
4376 1853 4512 1930 Cu-

1488 1977 1747 2052 bensem
1799 1974 2053 2050 Mont.!
2102 1979 2185 2048 Ρ.
2240 1993 2671 2050 contractum
2721 1975 2995 2063 Berk.!,
3051 1978 3136 2048 P.
3181 1972 3495 2047 anebium
3547 1971 3787 2048 Berk!
3848 1971 3930 2046 P.
3963 1973 4202 2047 durum
4250 1973 4509 2070 Jungk.

1413 2186 1418 2193 .
1484 2098 1643 2170 Jav.
1677 2125 1762 2197 p.
1815 2107 1902 2171 62
1961 2097 2281 2195 aliosque.
2396 2094 2707 2169 Medium
2769 2108 3001 2169 exacte
3062 2107 3289 2167 tenent
3334 2094 3557 2166 locum
3635 2096 3804 2167 inter
3877 2095 4370 2196 Eupolyporos
4441 2104 4507 2166 et

1488 2215 1809 2300 Fomites,
1864 2212 2260 2288 Suberosos
2315 2226 2382 2287 et
2430 2211 2795 2312 Lignosos.
2897 2212 3015 2288 Ab
3069 2215 3377 2286 omnibus
3422 2213 3986 2313 praecedentibus
4029 2212 4360 2286 recedunt
4407 2212 4507 2311 pi·

1486 2333 1593 2405 leo
1645 2333 1798 2432 plus
1851 2335 2064 2405 minus
2118 2336 2541 2406 concentrice
2625 2333 2880 2404 sulcato
2947 2332 2987 2405 l.
3055 2335 3281 2405 striato
3348 2346 3416 2405 et
3479 2333 3845 2405 substantia
3922 2344 4161 2430 vegeta
4242 2329 4507 2429 quidem

1486 2451 1666 2523 molli
1719 2463 1787 2523 et
1832 2476 2150 2536 succosa,
2205 2464 2423 2523 tamen
2475 2453 2780 2524 coriacea
2827 2450 3050 2536 simul,
3097 2450 3273 2524 unde
3327 2453 3621 2524 siccitate
3675 2453 3995 2524 contracti
4048 2461 4117 2523 et
4158 2450 4366 2549 vulgo
4412 2451 4505 2522 in·

1489 2571 1756 2643 curvati.
1859 2565 1931 2640 A
1983 2566 2047 2641 F
2054 2570 2364 2642 omitibus
2416 2569 2741 2642 recedunt
2789 2572 3212 2668 vegetatione
3263 2596 3497 2656 annua,
3524 2572 3911 2657 substantia,
3966 2570 4274 2668 primitus
4297 2567 4507 2653 molli,

1489 2686 1898 2772 subfibrosa,
1951 2689 2138 2786 poris
2194 2713 2554 2785 numquam
2607 2690 2927 2760 stratosis.

1398 2840 1432 2874 ⁶
1479 2839 1558 2912 P.
1620 2839 2035 2940 (L1c1msc.)
2086 2860 2471 2914 sumnus.
2576 2839 2814 2939 Epicr.
2870 2866 2938 2940 p.
3000 2847 3140 2914 452.
3194 2839 3373 2913 Icon
3426 2838 3501 2912 in
3553 2837 3737 2916 Mus,
3792 2842 3929 2916 Ac.
3985 2842 4100 2916 Sc.
4154 2842 4402 2920 Holm.

1584 2979 1709 3054 Ad
1761 2980 2034 3054 Salices
2086 2987 2400 3054 vetustas
2456 3004 2684 3080 prope
2735 2980 3121 3054 Holmiam.
3176 2982 3575 3056 Autumno.

1583 3139 1702 3212 Ad
1752 3143 1994 3213 tribum
2048 3140 2497 3213 illustrandam
2551 3138 2799 3212 addere
2885 3166 3170 3214 necesse
3222 3141 3399 3214 duco
3451 3145 3727 3242 insignis
3786 3147 4041 3244 speciei
4105 3146 4503 3248 descriptio-

1482 3285 1653 3332 nem.
1766 3257 1940 3332 Pilei
2005 3260 2400 3357 caespitosi,
2469 3259 2825 3345 imbricati,
2901 3274 3449 3347 concrescentes,
3531 3263 3617 3334 ad
3673 3275 3906 3365 typum
3972 3264 4503 3367 (Merismatum)

1486 3375 1975 3463 Caseosorum,
2006 3376 2454 3475 magnitudine
2496 3379 2676 3464 varii,
2727 3377 2957 3475 plures
2983 3382 3213 3452 uncias
3240 3384 3664 3454 transversim
3718 3382 3856 3469 lati,
3901 3386 4503 3474 coriaceo-molles,

1477 3497 1772 3569 siccitate
1823 3495 2055 3567 leviter
2122 3497 2441 3567 contracti
2512 3498 2748 3568 eximie
2803 3496 3446 3593 lignoso-suberosi,
3521 3498 3845 3599 adpresse
3896 3502 4147 3593 villosi,
4231 3509 4499 3579 omnino

1482 3616 1672 3686 azoni
1723 3639 1850 3685 nec
1901 3615 2324 3684 concentrice
2378 3612 2611 3684 sulcati
2657 3614 2827 3710 (quo
2882 3639 2919 3683 a
2980 3640 3168 3711 sequ.
3216 3614 3460 3714 differt)
3516 3620 3547 3714 ξ
3599 3644 3747 3690 unc.
3801 3633 3869 3693 et
3918 3621 4085 3693 ultra
4116 3627 4349 3711 crassi,
4375 3651 4499 3723 po-

1481 3734 1645 3804 stice
1694 3731 1899 3828 vulgo
1963 3730 2169 3828 gibbi.
2288 3729 2663 3802 Contextus
2729 3728 2937 3803 dense
3015 3730 3403 3819 fibrillosus,
3471 3735 4383 3840 pallescenti(ligneo-)albus
4434 3744 4497 3814 in

1480 3850 1696 3921 siccis.
1800 3846 1965 3919 Pori
2016 3850 2282 3919 omnino
2327 3847 2794 3945 heterogenei,
2840 3850 2905 3920 in
2958 3851 3154 3922 siccis
3200 3850 3371 3924 linea
3423 3855 3797 3929 obscuriori
3850 3860 3935 3933 ab
3977 3858 4493 3961 hymenophoro

1477 3966 1775 4053 limitata,
1827 3967 2086 4051 minuti,
2139 3968 2392 4064 stipati,
2442 3974 2483 4037 Ω
2533 3993 2684 4039 unc.
2736 3993 2954 4066 usque
3008 3968 3224 4068 longi,
3296 3973 3548 4060 tenelli,
3622 3978 3828 4063 acuti,
3890 3979 3958 4050 in
4010 3981 4167 4052 vivo
4224 3981 4497 4065 molles,

1474 4109 1680 4183 quare
1734 4085 1894 4157 sicci
1946 4082 2449 4170 contrahuntur,
2502 4084 2904 4173 lacerantur,
2956 4084 3110 4159 hinc
3169 4088 3324 4163 inde
3379 4092 3648 4166 lacunas
3699 4093 4094 4193 linquentes.

1581 4199 1690 4276 An
1726 4200 2075 4274 Daedalea
2126 4201 2379 4299 saligna
2427 4199 2505 4273 S.
2556 4199 2694 4289 M.,
2748 4204 2903 4275 olim
2955 4205 3039 4276 ad
3089 4208 3281 4280 basin
3319 4210 3591 4282 salicum
3645 4208 3929 4286 Lundae
3959 4213 4169 4303 lecta,
4223 4219 4490 4290 omnino

1475 4318 1712 4394 eadem
1764 4347 1899 4392 non
1944 4322 2100 4393 satis
2146 4320 2371 4419 liquet.
2493 4317 2571 4392 In
2626 4335 2982 4420 praesente
3061 4325 3469 4427 distinguere
3519 4356 3656 4402 non
3720 4357 3922 4404 ausus
3984 4361 4169 4422 sum,
4220 4335 4379 4410 licet
4431 4345 4497 4407 et

1470 4440 1892 4537 vegetatione
1945 4448 2014 4511 et
2062 4464 2387 4537 pororum
2437 4437 2651 4511 forma
2702 4438 2991 4514 recedat.

1267 4623 1366 4689 27.
1470 4617 1549 4691 P.
1604 4638 2073 4693 mcussscnns.
2179 4610 2555 4687 Klotzsch.
2607 4656 2700 4668 —
2753 4612 2993 4713 Epicr.
3045 4638 3113 4715 p.
3164 4620 3306 4688 47⁴.

1567 4759 1690 4836 Ad
1740 4769 2039 4835 truncos
2090 4758 2224 4834 ins.
2285 4756 2516 4835 Gallu,
2572 4761 3118 4860 Kamphb’vener.

1567 4900 1844 5003 Typum
1920 4902 2118 5000 hujus
2193 4903 2403 4975 tribus
2489 4903 2683 4976 offert
2749 4917 2819 4977 et
2879 4907 3030 5004 pori
3096 4916 3331 4977 exacte
3393 4901 3745 5006 Polypori.
3860 4902 4180 5004 Sequens
4248 4906 4488 5006 fungus

1462 5020 1678 5093 eidem
1727 5020 1899 5094 adeo
1948 5021 2192 5108 affinis,
2244 5034 2316 5093 ut
2368 5022 2501 5094 hoc
2552 5022 2708 5095 loco
2760 5025 2987 5122 potius
3037 5026 3356 5109 inseram,
3403 5049 3602 5122 quam
3648 5025 3818 5097 inter
3868 5024 4247 5099 Dichroos:

1261 5177 1361 5242 28.
1468 5168 1548 5242 Ρ.
1632 5168 2041 5267 (chunsc.)
2116 5193 2558 5258 nummus,
2648 5170 2847 5271 pileo
2929 5171 3484 5247 effuso-reflexo
3555 5197 3600 5246 e
3675 5198 3986 5248 carnoso
4082 5174 4485 5250 suberoso-

1456 5284 1744 5389 lignoso
1792 5286 2139 5388 triquetro
2192 5314 2547 5389 scruposo
2596 5288 3033 5392 inaequabili
3080 5315 3320 5366 azono
3365 5289 3569 5379 albo,
3619 5299 3969 5366 contextu
4002 5292 4280 5370 fibroso
4317 5318 4487 5369 can-
