4984 6517
1370 590 1541 682 122

1455 809 1844 884 bicularem.
1945 801 2219 880 Curtisii
2262 803 2490 904 planta
2538 810 2647 874 est
2671 795 2881 896 Hyst.
2912 797 3271 895 rufe-scens
3300 793 3643 871 Schwein.
3661 852 3681 883 ,
3705 799 3901 895 cujus
3926 818 4143 868 nexus
4176 817 4333 865 cum
4358 787 4509 863 An·

1461 929 1706 1029 gelinia
1755 925 2031 998 ulterius
2102 920 2572 999 observandus
2639 928 2762 992 est.
2880 914 2959 989 In
3025 915 3507 1016 speciminibus
3582 914 3782 1012 hujus
3861 912 4213 989 maceratis
4288 910 4511 984 nullos

1464 1072 1665 1122 ascos
1714 1045 2018 1147 reperio,
2092 1054 2348 1117 tantum
2415 1050 2745 1116 texturam
2820 1035 3033 1110 dense
3107 1034 3477 1109 floccosam
3525 1059 3568 1109 e
3616 1033 4116 1136 paraphysibus
4196 1029 4514 1105 tenuibus

1463 1167 1708 1240 erectis
1758 1162 2036 1260 stipatis.

1264 1314 1332 1389 8.
1466 1310 2008 1388 ScuMITzomA.
2045 1304 2349 1407 pupula.
2455 1298 2567 1375 El.
2625 1300 2694 1374 2.
2751 1324 2820 1400 p.
2872 1298 2994 1374 25.

1565 1455 1651 1529 In
1699 1448 2049 1526 America
2097 1443 2399 1520 boreali.

1567 1592 1689 1670 Ob
1742 1591 2124 1693 excipulum
2174 1589 2614 1672 suberosum,
2662 1583 2854 1657 disco
2902 1579 3230 1682 pallidiori
3284 1579 3376 1677 (si
3419 1580 3592 1652 iuter
3634 1573 3937 1650 Sticteos
3986 1573 4183 1649 adest
4221 1574 4519 1674 excipuli

1468 1713 1946 1799 rudimentum,
1996 1708 2132 1782 hoc
2184 1732 2458 1806 semper
2482 1705 2875 1804 nigrescens
2927 1728 2989 1773 V.
3028 1726 3087 1773 c.
3136 1701 3203 1772 in
3254 1695 3758 1798 Xylograpba,
3805 1694 4098 1796 Propoli
4123 1695 4512 1793 far-inosa,

1468 1832 1685 1907 Sticti
1734 1824 2209 1930 atrocyanea)
2260 1836 2329 1899 et
2377 1825 2748 1924 praecipue
2819 1819 2988 1893 disci
3039 1816 3434 1917 morphosin
3485 1815 3622 1890 hoc
3664 1842 3881 1914 genus
3930 1838 4218 1889 necesse
4270 1837 4310 1884 a
4369 1808 4516 1884 Sti-

1465 1953 1633 2027 cteis
1684 1946 2077 2024 excludatur
2127 1956 2197 2019 et
2246 1942 2335 2016 ad
2381 1939 2799 2015 Dermateos
2842 1936 3183 2012 reseratur.
3288 1932 3500 2035 Spec.
3549 1932 3957 2008 Americana
4006 1934 4255 2007 nostris
4306 1930 4515 2005 simil-

1467 2071 1622 2143 lima
1673 2078 1828 2142 sunt
1881 2076 1950 2139 et
1997 2062 2449 2161 Lichenopsis
2500 2057 2725 2133 Mont.
2784 2054 3006 2130 Curt!
3058 2054 3271 2129 affinis
3323 2053 3637 2154 species?

1266 2214 1335 2289 9.
1460 2212 2073 2287 Tonnncuum
2122 2223 2552 2288 memus,
2600 2197 2836 2299 stipite
2889 2201 3190 2271 exserto
3252 2190 3642 2268 lentiformi
3702 2188 3874 2267 albo
3942 2187 4210 2276 latiori,
4283 2211 4509 2290 quam

1471 2329 1681 2406 disco
1732 2347 2076 2400 convexo
2135 2318 2325 2395 laevi
2370 2316 2878 2419 immarginato
2931 2312 3308 2388 coccineo.

1561 2469 1690 2546 Ad
1739 2491 1986 2543 ramos
2037 2465 2366 2565 dejectos
2414 2461 2491 2537 in
2538 2462 2762 2536 Costa
2806 2457 3005 2533 Rica.
3119 2443 3389 2531 ῥηταί.

1567 2616 1795 2691 Nimis
1849 2614 2061 2687 affinis
2120 2613 2202 2685 T.
2253 2612 2540 2708 vulgari
2586 2622 2656 2684 et
2703 2609 2879 2683 forte
2925 2608 3232 2695 varietas,
3281 2603 3406 2680 sed
3459 2602 3699 2703 stipitis
3749 2599 3964 2674 forma
4012 2598 4346 2682 notabilis.

1274 2805 1387 2878 10.
1473 2800 1793 2877 URNULA
1836 2819 2123 2884 namon,
2181 2794 2547 2882 coriacea,
2601 2792 3190 2881 subfasciculata,
3244 2791 3475 2894 primo
3531 2789 4237 2877 turbinato-clavata,
4292 2797 4515 2865 extus

1470 2914 2053 3019 albo-pruinosa,
2107 2913 2343 3015 stipite
2386 2912 2595 2988 brevi
2655 2911 2903 3014 aigi-03
2961 2910 3132 2986 dein
3185 2908 3607 3000 dehiscenS,
3663 2935 3795 2986 ore
3849 2908 4152 3012 obliquo
4228 2908 4516 2987 lacero-

1472 3037 1797 3122 dentato,
1854 3032 2062 3108 disco
2114 3030 2491 3106 urceolato
2544 3029 2835 3132 pallido,

1567 3180 1652 3254 In
1703 3176 1996 3252 Guinea
2045 3176 2140 3252 ad
2185 3183 2471 3253 terram.
2532 3177 2711 3280 Afz.
2754 3190 2838 3254 ic.
2888 3207 2955 3252 n.
3005 3187 3116 3253 28.

1572 3324 2048 3402 Gratissimum
2098 3338 2204 3399 est
2279 3325 2533 3400 addere
2586 3327 2858 3400 alteram
2909 3337 3119 3399 ratam
3171 3326 3474 3426 speciem
3524 3325 3877 3424 singularis
3935 3323 4139 3425 hujus
4208 3327 4516 3425 generis!

1469 3445 1790 3522 Inventor
1835 3449 1904 3519 in
1956 3456 2130 3519 statu
2175 3447 2489 3545 primario
2536 3471 2665 3545 pro
2720 3441 3028 3517 Clavaria
3082 3444 3332 3519 habuit.
3434 3443 3555 3520 Ab
3615 3444 3695 3519 U.
3760 3442 4080 3520 Crater-io
4133 3444 4353 3521 differt
4376 3459 4515 3521 sta-

1470 3579 1619 3639 tura
1662 3563 1965 3664 multiplo
2015 3565 2283 3651 minori,
2331 3563 2576 3663 eupula
2629 3563 2991 3651 turbinata,
3045 3575 3240 3637 extus
3292 3590 3333 3638 e
3385 3567 3622 3664 pruina
3673 3564 3893 3638 albida
3945 3578 4044 3655 et,
4095 3579 4419 3665 quantum
4472 3594 4517 3642 e

1469 3686 1707 3785 paucis
1757 3683 2035 3780 specim.
2087 3679 2318 3754 videre
2367 3681 2555 3768 licet,
2639 3679 2908 3755 defectu
2976 3684 3252 3781 insignis
3307 3683 3574 3784 mycelii
3632 3684 3969 3786 byssacei.
4104 3681 4342 3785 Stipes
4390 3686 4515 3759 ad·

1468 3802 1746 3875 modum
1802 3801 2051 3886 tenuis,
2132 3797 2371 3871 lineam
2422 3799 2463 3872 l.
2517 3799 2721 3899 paulo
2793 3799 2962 3874 ultra
3015 3801 3260 3900 longus
3313 3812 3383 3875 et
3429 3802 3679 3875 sensim
3752 3801 3917 3900 (nec
3990 3803 4279 3905 abrupte
4328 3816 4405 3878 ut
4446 3807 4519 3880 in

1478 3919 1558 3993 U.
1622 3915 1997 4021 craterio)
2040 3920 2109 3990 in
2155 3915 2410 3989 clavam
2457 3915 2761 4005 dilatato,
2803 3917 3059 4007 nudus,
3108 3921 3332 4019 niger-3
3380 3921 3618 4019 paucis
3668 3920 3817 3993 basi
3871 3924 4133 4019 junctis.
4242 3920 4513 4024 Cupula

1470 4036 2365 4124 membranaceo-coriacea,
2442 4036 2663 4135 primo
2734 4038 3004 4111 omnino
3069 4037 3327 4127 clausa,
3404 4037 3558 4112 dein
3633 4065 3754 4113 ore
3832 4039 4172 4114 indefinito
4246 4042 4510 4117 lacero-

1468 4156 1815 4245 hiascens,
1869 4182 1990 4231 ore
2020 4155 2299 4254 obliquo
2326 4154 2895 4244 dentato-lacero,
2941 4169 3135 4231 extus
3185 4183 3225 4231 e
3281 4158 3521 4257 pruina
3566 4157 3831 4257 pallida.
3931 4157 4104 4234 Asci
4139 4173 4209 4234 et
4259 4187 4510 4261 sporae

1471 4276 1691 4350 nullae
1742 4272 2019 4361 adsunt,
2071 4272 2198 4346 sed
2247 4272 2619 4347 floccorum
2668 4302 2720 4347 s.
2775 4273 3254 4376 paraphysium
3320 4275 3532 4349 densa
3588 4278 3945 4374 congeries
3962 4334 3980 4365 ,
4030 4290 4268 4352 exacte
4320 4281 4505 4354 simi-’-

1471 4396 1553 4468 lis
1629 4394 1707 4467 U.
1765 4391 2076 4470 Crater-ii
2120 4392 2387 4467 clausae
2455 4418 2542 4467 ex
2601 4388 2760 4465 Am.
2837 4394 3113 4467 boreali.
3218 4392 3540 4496 Sporidia
3592 4395 3698 4469 illa
3748 4397 3990 4468 seriata
4040 4398 4106 4469 in
4160 4394 4507 4472 Schwein.

1470 4515 1753 4617 synopsi
1805 4514 1984 4611 picta
2034 4511 2338 4610 primitus
2386 4511 2552 4584 intra
2613 4537 2843 4585 ascum
2896 4524 3218 4610 generata
3263 4516 3491 4613 potius
3536 4513 3891 4614 fingerem,
3947 4541 4145 4614 quam
4194 4541 4282 4590 ex
4332 4519 4509 4590 ascis

1467 4635 1634 4734 ipsis
1676 4635 1743 4706 in
1795 4657 2037 4731 sporas
2090 4628 2567 4702 moniliformes
2623 4631 3021 4703 constrictis.

1275 4819 1387 4893 11.
1467 4814 2185 4889 Hmnaosemm
2232 4808 2620 4886 Parnm.
2726 4809 3023 4886 Grevill.
3086 4812 3202 4888 Cr.
3259 4812 3455 4889 Scot.
3508 4821 3556 4888 t.
3619 4814 3780 4888 103.

1564 4953 1648 5028 In
1707 4949 2008 5027 Mexico
2056 4948 2134 5024 in
2187 4947 2525 5026 Orizaba.
2631 4949 2986 5026 Liebman.

1573 5103 2007 5204 Magnopere
2083 5103 2358 5201 insignis
2430 5104 2524 5177 ob
2603 5102 3172 5178 fructificationem
3258 5102 3629 5202 duplicem,
3706 5106 3977 5179 alteram
4059 5107 4508 5207 sporophoris

1470 5225 1664 5323 apice
1711 5222 2176 5321 monosporiS,
2226 5222 2450 5320 sporis
2501 5224 2567 5294 in
2620 5222 2940 5320 guttulam
2992 5221 3497 5310 secedentibus,
3565 5224 3835 5296 alteram
3886 5225 4188 5325 perfecte
4245 5229 4509 5326 ascige-

1469 5369 1610 5416 ram
1664 5384 1759 5398 —
1811 5367 1940 5414 nec
1981 5341 2168 5415 aliter
2222 5339 2532 5414 differunt
2584 5337 2916 5441 Sphaeria
2968 5340 3432 5441 punctisormis
3505 5354 3575 5417 et
3644 5341 3979 5444 Depazea
4044 5345 4510 5445 punctiformis
