4984 6517
1297 1745 1398 1814 ⁴5.

1305 2890 1408 2957 ⁴6.

1314 4399 1416 4468 ⁴7.

1395 539 1516 623 54

1495 751 1726 835 fertilis
1781 751 1955 824 enim
2004 774 2309 823 convexa
2362 760 2500 835 est,
2553 759 2748 822 extus
2792 746 2973 821 haud
3029 774 3316 848 por-osa,
3387 748 3512 823 sed
3593 776 3680 824 ex
3744 750 3993 823 aculeis
4063 750 4417 849 capillaceis
4460 761 4493 839 1,

1493 869 1679 944 fibris
1730 869 2177 969 stipatissimis
2230 869 2422 966 quasi
2473 867 2754 940 formata
2806 880 2874 940 et
2943 867 3008 939 in
3061 867 3332 940 fibrillas
3383 867 3576 942 facile
3629 869 3938 952 solvitur;
4014 871 4271 968 integer
4315 885 4497 951 trans-

1490 989 1738 1061 versim
1790 1014 1956 1061 vero
2013 998 2275 1071 sectus,
2348 986 2524 1058 intus
2590 996 2963 1058 monstrant
3011 988 3204 1059 strias
3260 986 3774 1085 longitudinales
3829 989 4296 1077 obscurioreS,
4339 1006 4402 1066 ut
4445 998 4499 1071 in

1493 1108 1692 1179 variis
1744 1103 2116 1208 Polyporis
2162 1106 2565 1178 tenuissimis
2614 1102 2846 1176 videre
2898 1102 3070 1177 licet.

1843 1280 2072 1381 Stirps
2117 1281 2198 1356 L.
2304 1284 2709 1360 PoLYPom
2758 1307 3099 1362 menam.
3204 1284 3443 1385 Epicr.
3499 1310 3567 1359 n.
3624 1290 3990 1358 ⁴07-420.

1603 1424 1855 1499 Terris
1903 1424 2152 1500 calidis
2206 1434 2278 1501 et
2318 1424 2596 1529 frigidis
2644 1452 3094 1502 communes
3197 1426 3504 1503 Abeunt
3553 1425 3761 1502 facile
3822 1426 3888 1501 in
3942 1426 4123 1502 duas
4151 1429 4507 1517 sectiones,

1500 1541 1795 1617 alteram
1843 1562 2167 1619 contextu
2214 1546 2545 1631 colorato,
2596 1544 2895 1620 alteram
2945 1543 3115 1620 albo.

1504 1740 1584 1813 P.
1643 1738 2049 1841 (Drcnnm)
2101 1761 2592 1825 Ennozouus,
2676 1738 2871 1839 pileo
2942 1764 2987 1813 e
3054 1762 3367 1814 carnoso
3442 1737 3732 1840 lignoso
3802 1736 4168 1839 pulvinato
4246 1737 4513 1813 villoso-

1502 1880 1862 1958 scruposo
1937 1856 2312 1943 umbrino,
2389 1856 2582 1932 intus
2632 1857 2904 1932 eximie
2961 1855 3602 1932 fibroso-radiaute
3683 1864 4098 1958 zonatoque
4175 1853 4517 1932 alutaceo·

1502 1972 1993 2061 fuscescente,
2048 1974 2251 2075 poris
2308 1975 2598 2051 minutis
2642 1975 2863 2050 curtis
2907 1973 3237 2050 rotundis
3290 1974 3569 2050 obtusis
3618 1972 4417 2077 nigricante-umbriniS.

1598 2116 1723 2192 Ad
1771 2125 2071 2194 truncos
2114 2117 2390 2193 insulae
2444 2118 2516 2194 S.
2572 2119 2711 2194 Jan
2759 2117 3009 2193 Indiae
3066 2117 3556 2194 occidentalis..
3670 2106 3936 2194 O'reted.

1604 2264 2000 2338 Secundum
2053 2269 2419 2365 specimina
2477 2268 2858 2368 praesentia
2906 2265 2993 2338 ad
3040 2270 3333 2342 minores
3380 2270 3671 2367 pertinet
3722 2270 4024 2368 species,
4077 2279 4144 2340 at
4190 2266 4527 2340 distinctis-

1505 2386 1670 2457 sima
1723 2395 1792 2457 et
1840 2386 2173 2456 exsiccata
2226 2384 2420 2458 valde
2478 2387 2811 2475 indurata,
2880 2387 3056 2459 intus
3131 2414 3296 2460 vero
3373 2389 3613 2462 eximie
3666 2399 3736 2460 et
3790 2412 4034 2487 grosse
4085 2387 4368 2473 fibrosa,
4421 2412 4526 2457 co·

1502 2504 1645 2577 lore
1695 2500 2057 2574 admodum
2107 2505 2446 2603 peculiari.
2548 2504 2784 2579 Pileus
2834 2503 2975 2579 fere
3029 2509 3354 2594 crassior,
3411 2532 3609 2606 quam
3664 2505 3866 2590 latus,
3915 2509 4098 2576 ⁴—2
4150 2530 4335 2588 unc„
4384 2505 4531 2576 sub·

1508 2620 1849 2708 difformis,
1901 2647 2172 2695 azonus.
2272 2621 2440 2695 Pori
2497 2625 2774 2712 minimi,
2823 2624 3236 2711 brevissimi,
3289 2625 3730 2724 stipatissimi,
3784 2625 3819 2722 ξ
3869 2622 3977 2695 lin.
4035 2621 4384 2722 profundi,
4431 2648 4535 2696 ae-

1513 2738 1778 2836 quales,
1830 2742 2048 2839 opaci.

1515 2883 1596 2957 P.
1647 2880 2055 2983 (Drcnnm)
2101 2904 2551 2960 sonorosus
2651 2881 2891 2983 Epicr.
2950 2907 3018 2983 p.
3068 2890 3209 2959 473.
3315 2883 3396 2957 Ρ.
3453 2891 3788 2959 crocatus
3843 2881 4202 2957 Klotzech.
4222 2885 4250 2955 .'
4302 2911 4427 2984 pr.
4465 2909 4539 2983 p.

1512 3002 1761 3075 Berk!
1810 3012 1883 3074 in
1924 3002 2112 3076 Anu.
2154 3003 2327 3076 Nat.
2386 3002 2576 3077 Hist.
2635 3003 2775 3076 III.
2822 3030 2904 3104 p.
2953 3007 3106 3079 589.

1612 3143 1697 3218 In
1746 3143 2096 3219 America
2144 3143 2427 3219 boreali
2475 3143 2765 3219 videtur
2818 3144 3182 3246 frequens.

1614 3283 1680 3357 E
1730 3313 2056 3386 potorum
2108 3298 2439 3361 structura
2488 3300 2558 3361 et
2610 3286 2919 3361 affinitate
2948 3314 3100 3361 cum
3155 3288 3239 3359 Ρ.
3286 3286 3474 3384 gilvo
3517 3284 3632 3387 (P.
3679 3286 4102 3361 calvescente
4132 3285 4343 3358 Berk.
4377 3286 4419 3357 l.
4447 3283 4550 3387 c.)

1515 3404 1603 3476 ad
1647 3400 2129 3479 Subcarnosos
2159 3405 2411 3491 resero,
2462 3405 2620 3478 licet
2674 3407 2892 3505 pileus
2937 3408 3001 3480 in
3054 3434 3284 3507 specc.
3335 3408 3533 3479 siccis
3584 3404 3906 3479 induratis
3932 3404 4551 3503 stuppeo-subero-

1515 3550 1634 3595 sus
1686 3536 2027 3622 appareat.
2164 3521 2235 3595 A
2286 3525 2373 3596 Ρ.
2418 3524 2606 3620 gilvo
2675 3538 2745 3598 et
2791 3537 3140 3625 pruinato
3208 3524 3426 3598 differt
3498 3525 3680 3624 pileo
3761 3548 4104 3609 convexo,
4175 3548 4550 3620 scruposo,

1516 3653 1957 3740 exasperato,
2001 3640 2141 3715 sere
2193 3642 2483 3729 fibroso,
2535 3641 2663 3715 sed
2707 3643 2915 3719 fibrae
2974 3642 3294 3730 adnatae,
3349 3669 3436 3715 ex
3481 3643 3792 3716 umbi-ino
3847 3652 4269 3715 canescente.
4384 3638 4553 3712 Cum

1516 3757 1913 3861 Polystictis
1971 3759 2286 3834 confundi
2333 3773 2677 3861 nequeunt
2730 3762 2823 3833 ob
2875 3788 3089 3861 poros
3144 3763 3462 3860 stipatos,
3517 3762 3777 3859 absque
3831 3773 4055 3832 trama.
4159 3760 4244 3830 P.
4290 3758 4557 3855 gilvum

1518 3891 1590 3952 et
1629 3905 2037 3979 scruposum
2064 3877 2301 3977 (quem
2328 3879 2411 3951 ad
2438 3906 2627 3978 spec.
2679 3876 3056 3952 Klotzschii
3108 3879 3236 3951 sub
3283 3880 3371 3950 P.
3399 3878 3576 3974 gilvi
3606 3878 3873 3951 nomine
3900 3904 4028 3949 una
4058 3904 4209 3950 cum
4260 3878 4555 3975 genuino

1519 3997 1885 4096 descripsi)
1954 3999 2099 4071 sine
2184 3996 2391 4072 dubio
2467 3997 2768 4071 confudit
2833 3997 2897 4070 d.
2972 3995 3390 4081 Schweini23
3474 3998 3832 4096 genuinum
3903 4006 3973 4068 et
4034 3997 4425 4093 primarium
4497 3999 4558 4067 in

1518 4114 1690 4218 Syn.
1754 4113 1909 4187 Car.
1962 4114 2375 4214 descriptum
2427 4115 2517 4188 ad
2563 4118 2776 4215 ipsius
2830 4142 3060 4214 specc.
3113 4116 3178 4187 in
3230 4113 3540 4190 Elencho
3592 4115 3954 4213 proposui,
4020 4115 4234 4188 serius
4292 4113 4451 4187 dein
4499 4116 4561 4186 in

1514 4234 1830 4310 boreales
1880 4236 2263 4333 provincias
2314 4235 2669 4308 translatus
2716 4236 2845 4308 sub
2895 4234 3032 4308 hoc
3081 4238 3351 4308 nomine
3407 4233 3738 4307 distribuit
3793 4231 3878 4302 P.
3924 4257 4359 4333 scruposum.

1522 4391 1600 4464 Ρ.
1662 4391 2069 4493 (Drcnnor)
2120 4413 2568 4468 nummus.
2674 4390 2914 4490 Epicr.
2957 4415 3025 4491 p.
3073 4398 3215 4466 456.

1621 4531 1747 4606 Ad
1788 4541 2090 4607 truncos
2139 4531 2213 4606 in
2267 4531 2574 4608 Guinea.
2680 4534 3011 4633 Afzelim
3058 4533 3157 4607 Ic.
3213 4538 3313 4606 46.

1626 4672 1919 4774 Species
1974 4676 2418 4762 nobilissima,
2469 4675 2627 4775 pilei
2679 4678 2861 4751 tenui
2918 4687 2987 4749 et
3042 4676 3224 4749 molli
3275 4675 3709 4774 persistente,
3787 4675 3897 4746 vix
3977 4698 4130 4745 cum
4196 4671 4322 4744 alia
4379 4698 4564 4745 com·

1524 4794 1854 4894 paranda,
1908 4796 2031 4868 nisi
2078 4794 2164 4866 P.
2217 4791 2614 4867 secer-nihili.
2720 4792 3112 4868 Substantia
3163 4796 3410 4881 tenuis,
3464 4820 3503 4867 e
3551 4818 3839 4866 carnoso
3888 4792 4228 4876 coriacea,
4273 4790 4574 4863 fibroso-

1528 4912 1861 4998 floccosa,
1931 4911 2502 5011 helvolo-pallida.
2626 4909 2863 4986 Pileus
2911 4910 3447 4999 effusoreflexus,
3532 4922 3646 4983 aut
3700 4913 3927 5009 potius
3988 4910 4136 4982 basi
4190 4907 4403 4980 sterili
4460 4907 4580 4979 sti-

1528 5029 2276 5130 pitiformi-dectlrrenS‚
2360 5030 2864 5119 conchiformis,
2915 5038 2956 5102 Ξ
3005 5055 3157 5103 unc.
3213 5029 3416 5117 latus,
3462 5030 3748 5103 molliter
3823 5039 4246 5100 tomentosus
4313 5052 4359 5099 e
4423 5025 4579 5125 pilis

1528 5151 1772 5222 erectis
1846 5150 2168 5223 brevibus
2255 5148 2705 5235 densissimis,
2788 5148 3207 5246 longioribus
3284 5148 3846 5245 brevioribusque
3923 5147 4175 5231 mixtis,
4259 5144 4581 5218 helvolo-

1376 5346 1427 5381 ·.
1526 5268 2080 5342 luscescentibus.
2186 5265 2450 5341 Subtus
2518 5267 2758 5366 planus
2822 5279 2957 5353 est,
3028 5264 3603 5366 luteolo-pallidus
3658 5267 3724 5339 in
3791 5290 3980 5364 spec.
4030 5265 4190 5337 sicc.
4239 5263 4312 5361 (e
4371 5260 4582 5335 sche-
