4984 6517
3502 543 3663 628 121

728 767 1031 836 crassato
1086 767 1155 837 et
1202 762 1268 834 in
1325 760 1639 861 cupulam
1691 760 1805 833 vix
1854 762 2306 834 ventricosam
2382 759 2699 858 ampliato
2723 816 2740 846 ,
2786 753 3061 858 glabro,
3115 759 3318 846 laevi,
3367 761 3615 859 pallido
3637 820 3656 850 ,
3703 774 3775 834 ut

98 754 123 811 Ι.

98 880 126 926 “
719 883 922 953 totius
974 882 1159 981 fungi
1213 881 1427 954 forma
1476 881 1729 954 clavata
1751 937 1769 968 ,
1819 907 1948 954 nec
2002 881 2289 978 abrupte
2335 881 2402 951 in
2447 878 2762 976 cupulam
2816 878 3144 978 ampliata.
3248 875 3503 978 Margo
3554 882 3771 978 junior

98 998 129 1049 ¹
721 1002 1119 1074 crenulatus.
1220 999 1394 1074 Asci
1444 1005 1513 1073 et
1564 1025 1812 1098 sporae
1864 1000 2129 1099 prioris.
2186 1041 2280 1053 -—
2343 995 2772 1071 Numerosas
2825 995 3183 1097 epiphytas
3236 1001 3307 1070 et
3337 999 3771 1096 ignobiliores

98 1093 134 1165 l*
722 1120 992 1217 species
1040 1146 1254 1192 novas
1302 1117 1438 1192 hoc
1485 1120 1639 1191 loco
1692 1114 1888 1217 nimis
1943 1115 2316 1191 deduceret
2364 1122 2623 1189 notare.

518 1277 584 1351 4.
722 1277 801 1351 Ρ.
881 1278 1232 1364 Arzuu,
1315 1275 2281 1364 ceramo-membranacea,
2360 1274 2649 1380 glabra,
2757 1271 3114 1360 alutacea,
3209 1297 3311 1349 ex
3396 1275 3771 1351 urceolato

98 1365 149 1438 ab·
721 1394 1245 1495 calyciformiS‚
1300 1395 1376 1471 in
1432 1395 1744 1496 stipitem
1797 1393 2104 1469 brevem
2159 1394 2543 1496 aequalem
2615 1399 3008 1478 attenuata,
3064 1390 3270 1465 disco
3325 1390 3767 1478 obscuriori,

722 1513 1051 1617 margine
1107 1512 2081 1614 squammoso-denticulata

98 1641 141 1824 ἲ
817 1654 946 1730 Ad
1000 1664 1267 1730 terram
1313 1656 1388 1731 in
1442 1654 1749 1730 Guinea.
1860 1656 2039 1757 Afz.
2086 1667 2172 1731 ic.
2205 1658 2290 1756 f.
2343 1663 2451 1732 50.

822 1796 1141 1873 Proxima
1195 1800 1460 1873 videtur
1516 1803 1603 1874 P.
1657 1801 1947 1875 Hindsii
2010 1799 2221 1876 Berk.
2274 1805 2337 1874 in
2389 1797 2615 1873 Lond.
2668 1797 2909 1873 Journ.
2962 1795 3014 1870 I.
3067 1810 3110 1870 t.
3161 1796 3281 1870 25.
3334 1824 3405 1887 a,
3480 1799 3606 1874 sed
3656 1829 3775 1876 cu—

722 1917 882 2017 pula
932 1918 1146 1992 forma
1197 1932 1266 1993 et
1322 1920 1774 2020 magnitudine
1828 1920 2060 2019 (3-4
2119 1921 2225 1992 lin.
2274 1921 2434 2019 lata)
2485 1921 2572 1991 P.
2636 1916 3081 1993 Ciborioidem
3123 1929 3394 2017 aequat,
3447 1931 3515 1991 at
3564 1923 3775 2022 stipes

725 2037 1165 2111 brevissimus
1203 2039 1435 2135 (1-2
1485 2039 1591 2112 lin.
1646 2043 1962 2137 tantum),
2023 2039 2215 2112 color
2296 2038 2582 2137 pallidus
2636 2050 2705 2111 et
2754 2063 2989 2136 margo
3041 2035 3771 2114 ciliato-denticulatus:

726 2156 854 2230 sed
910 2157 1097 2231 ciliae
1150 2159 1373 2256 reipsa
1422 2168 1577 2231 sunt
1628 2158 2018 2256 squamulae
2070 2157 2887 2256 triangulo-acuminatae,
2939 2157 3086 2229 basi
3133 2155 3408 2255 planae,
3455 2160 3767 2232 tenuissi-

720 2301 905 2363 mae,
960 2302 1168 2375 quare
1225 2278 1444 2375 primo
1499 2277 1736 2350 obtutu
1792 2278 1973 2350 cilias
2023 2276 2336 2350 referunt.
2439 2274 2751 2348 Affinitas
2804 2301 2938 2347 non
2996 2276 3155 2346 satis
3208 2274 3448 2373 liquet;
3524 2304 3771 2377 sporae

722 2394 1035 2469 videntur
1090 2395 1463 2494 oblongae,
1507 2407 1575 2467 at
1622 2396 1815 2469 nimis
1861 2421 2068 2495 parca
2120 2408 2188 2470 et
2236 2395 2646 2494 incompleta
2696 2393 2939 2466 adsunt
2990 2392 3414 2493 exemplaria.

528 2581 592 2656 5.
718 2583 800 2657 P.
852 2606 1443 2660 MACROCHAETA
1464 2643 1481 2670 ‚
1537 2583 1846 2672 sessilis,
1935 2583 2877 2671 ceraceo·membranacea,
2960 2580 3771 2685 capulari-hemisphaev

722 2701 907 2789 rica,
961 2700 1219 2776 subtus
1266 2702 1474 2777 venis
1545 2702 2253 2778 anastomosantibus
2332 2701 2692 2778 subtiliter
2745 2701 3116 2778 reticulata
3193 2701 3517 2803 setisque
3594 2702 3771 2778 raris

724 2819 978 2896 validis
1026 2820 1380 2924 elongatis
1428 2821 1815 2923 adspersa,
1870 2821 2077 2897 disco
2129 2820 2336 2896 laevi.

827 2963 957 3038 Ad
1001 2972 1268 3038 terram
1314 2963 1392 3038 in
1438 2964 1660 3039 Costa
1707 2965 1903 3039 Rica.
2018 2952 2289 3039 O’rsted.
2339 2989 2408 3038 n.
2465 2964 2586 3038 49.

830 3093 1205 3197 Specimen
1249 3101 1314 3170 in
1369 3102 1605 3200 spiritu
1654 3102 1786 3173 vini
1851 3113 2221 3189 servatum,
2304 3113 2499 3175 extus
2575 3103 2888 3201 intusque
2959 3101 3265 3190 lividum,
3318 3102 3477 3176 Ρη.
3529 3103 3767 3178 hemis-

724 3214 1104 3316 phaericae
1155 3217 1418 3305 colore,
1464 3217 1679 3291 forma
1731 3231 1802 3293 et
1850 3218 2302 3317 magnitudine
2354 3219 2785 3307 simillimum,
2840 3218 2963 3292 sed
3022 3220 3218 3294 valde
3280 3222 3558 3320 insignis
3613 3226 3771 3296 setis

734 3335 963 3409 validis
1049 3348 1119 3409 et
1194 3338 1480 3435 sparsis,
1560 3338 1688 3411 sub
1769 3340 2077 3411 microsc.
2160 3337 2522 3410 admodum
2599 3338 2910 3424 rudibuS,
2992 3340 3260 3438 opacis,
3333 3366 3472 3413 non
3547 3353 3771 3442 septa⁴

740 3454 846 3538 fis,
898 3454 1459 3552 longitudinaliter
1510 3455 2146 3555 striato-pellucidis.
2248 3453 2420 3529 Asci
2473 3456 2832 3544 manifesti,
2877 3457 3193 3544 lineares;
3246 3484 3493 3557 sporae
3543 3471 3771 3533 rotun-

738 3569 957 3659 datae,
997 3573 1469 3661 uniocellatae,
1526 3573 1650 3647 sed
1703 3574 2113 3647 inordinatae
2173 3586 2243 3648 et
2295 3577 2485 3674 quasi
2538 3575 2879 3677 collapsae
2937 3619 3031 3632 —
3086 3603 3174 3650 ex
3224 3589 3441 3651 aetate
3495 3578 3606 3652 vel
3634 3605 3767 3650 313μ

741 3692 1071 3763 ceratione
1118 3692 1186 3762 in
1233 3694 1392 3790 spir.
1438 3694 1590 3765 vini.

592 3831 641 3905 6.
740 3834 1145 3914 ΗῑιοτιυΜ
1197 3861 1802 3916 ΒΗουοιΕυουΜ.
1911 3836 2107 3938 Syst.
2157 3833 2355 3936 Myc.
2406 3835 2492 3909 Π.
2540 3864 2610 3937 p.
2674 3834 2836 3910 125.

826 3980 911 4056 In
961 3981 1249 4057 Antillis
1303 3982 1721 4088 (Benzon),
1776 3979 2089 4057 Suecico
2150 3985 2411 4054 exacte
2464 3976 2715 4052 simile.

829 4127 1015 4205 Huic
1075 4132 1269 4207 affine
1306 4147 1607 4208 nostrum
1657 4134 1753 4207 H.
1790 4135 2269 4234 fimetan‘um,
2323 4157 2485 4205 vere
2514 4133 2924 4230 ascigerum,
2977 4127 3102 4201 sed
3155 4126 3218 4200 d.
3268 4125 3586 4202 Persoon
3623 4154 3771 4202 cum

743 4243 961 4324 Stilbo
1017 4252 1312 4350 quodam
1367 4255 1830 4340 commutavit,
1880 4263 1955 4324 ut
2011 4253 2077 4323 in
2125 4247 2202 4322 S.
2261 4246 2366 4321 M.
2417 4275 2486 4348 p.
2548 4246 2690 4322 157
2747 4251 2882 4345 jam
2934 4249 3466 4322 observavimus.

572 4372 615 4445 7·
734 4390 1174 4467 Auel-:mnu
1218 4415 1871 4470 concromnnxrs.
1951 4393 2224 4467 Summ.
2255 4389 2442 4492 Veg.
2487 4387 2749 4463 Scand.
2806 4413 2874 4489 p.
2928 4386 3098 4462 358.
3207 4385 3579 4462 Asc-obolus
3620 4417 3775 4462 con-

727 4510 1175 4606 glomeratus.
1230 4511 1619 4586 Schwein.!

829 4650 897 4725 E
952 4651 1308 4726 Carolina.
1366 4653 1765 4727 Schweiniz.

833 4793 1098 4880 Planta,
1146 4796 1274 4868 sub
1325 4794 1461 4868 hoc
1533 4797 1802 4868 nomine
1851 4821 1892 4866 a
1941 4790 2119 4867 Rev,
2179 4789 2423 4867 Curtis
2498 4792 2734 4879 missa,
2782 4800 3057 4863 externa
3135 4788 3305 4862 facie
3364 4784 3636 4886 quidem
3689 4786 3775 4858 si·-

726 4913 1001 4985 millima
1055 4925 1189 4998 est,
1262 4912 1468 4984 modo
1548 4912 1760 4986 dense
1812 4911 2120 5011 gregaria
2172 4937 2301 4984 nec
2348 4913 2438 4982 ita
2486 4912 2552 4983 in
2608 4910 2962 4982 acervulos
3035 4907 3353 4993 collecta;
3407 4903 3532 4977 sed
3585 4906 3779 4977 etiarn

732 5031 981 5104 diutius
1037 5031 1408 5104 madefacta
1476 5059 1611 5105 non
1663 5042 1888 5130 turget
1935 5041 2003 5103 et
2053 5029 2748 5128 gelatinoso-tremula
2798 5028 2906 5115 fit,
2972 5051 3128 5099 cum
3198 5022 3581 5120 Angelinia
3655 5020 3775 5094 hu-

734 5162 1025 5224 mectata
1084 5150 1370 5249 gelatina
1420 5153 1706 5225 maxime
1757 5161 1981 5249 turget
2035 5163 2110 5223 ut
2156 5147 2433 5239 Exidia,
2496 5162 2565 5224 et
2617 5146 3015 5248 expanditur
3064 5147 3131 5218 in
3182 5143 3462 5217 formam
3542 5142 3783 5215 subor-

3489 5280 3583 5354 16

4652 6366 4823 6418 tlssna.
