4984 6517
1378 566 1498 656 46

1475 788 1685 861 clausi
1734 816 1788 861 s.
1843 789 2167 875 obturati,
2243 789 2491 863 sensim
2580 789 2792 889 aperti
2866 799 2935 863 et
3018 787 3265 863 dilatati
3321 816 3384 863 v.
3439 816 3498 865 c.
3551 791 3614 865 in
3668 792 3754 864 P.
3806 817 4161 893 squamoso
4244 791 4516 893 aliisque

1477 906 1873 1007 platyporis,
1926 935 2079 981 cum
2129 905 2410 982 Favolis
2437 936 2574 981 non
2621 908 3129 983 confundendis.
3231 907 3309 983 In
3361 908 3467 983 his
3520 911 3831 986 absolute
3883 909 4081 984 deest
4132 927 4403 995 trama,
4453 927 4519 987 et

1473 1027 1647 1099 linea
1698 1025 1997 1101 discolor
2042 1029 2213 1099 inter
2261 1054 2476 1126 poros
2537 1031 2791 1127 passim
2840 1027 3268 1103 observanda
3325 1056 3460 1102 non
3526 1031 3698 1102 sistit
3747 1041 4059 1117 tramam,
4139 1027 4266 1103 sed
4321 1028 4518 1104 tubu-

1478 1147 1701 1220 lorum
1738 1146 2086 1247 parietes!
2141 1141 2440 1217 Plurima
2503 1144 2702 1244 hujus
2755 1145 2946 1220 facile
3007 1149 3374 1247 praebeam
3429 1148 3771 1246 exempla,
3823 1177 3886 1222 V.
3941 1176 3999 1222 c.
4051 1151 4118 1221 in
4170 1150 4258 1220 P.
4312 1159 4519 1221 cocci·

1477 1298 1632 1353 neo,
1682 1269 1747 1338 in
1811 1290 1948 1364 quo
2001 1275 2354 1337 contextus
2407 1265 2567 1364 pilei
2626 1264 2969 1338 floccosus
3021 1265 3345 1365 pallidus,
3396 1266 3568 1339 linea
3628 1293 3788 1340 vero
3844 1269 4015 1340 inter
4064 1294 4315 1366 poroS,
4394 1295 4517 1366 pro

1478 1401 1686 1461 trama
1738 1387 1956 1484 primo
2012 1383 2250 1455 obtutu
2319 1382 2512 1457 facile
2583 1381 2937 1471 sumenda,
3012 1395 3302 1458 saturate
3368 1385 3571 1457 rubra
3718 1382 3901 1459 Hinc
3965 1388 4030 1458 in
4091 1386 4313 1459 multis
4388 1414 4518 1460 non

1477 1504 1684 1580 modo
1758 1502 2057 1575 carnosis
2113 1529 2176 1574 v.
2228 1529 2286 1574 c.
2338 1504 2423 1574 P.
2480 1500 2785 1600 hispido,
2838 1502 2925 1575 P.
2979 1512 3230 1575 citrino
3296 1514 3456 1590 etc.,
3525 1501 3650 1576 sed
3717 1507 3914 1578 etiam
3963 1506 4331 1579 suberosis
4382 1504 4518 1610 (P.

1482 1619 1830 1725 betulino)
1881 1632 1948 1694 et
1996 1620 2523 1718 liguescentibus
2573 1645 2896 1718 pororum
2973 1631 3248 1693 stratum
3317 1623 3404 1695 ab
3455 1619 3973 1723 hymenophoro
4029 1625 4361 1721 integrum
4413 1651 4520 1697 se-

1481 1744 1700 1843 parari
1750 1751 2010 1841 potest3
2061 1741 2125 1810 in
2178 1736 2571 1811 Fomitibus
2621 1740 2871 1837 pariter
2952 1750 3154 1811 strata
3209 1741 3336 1813 sibi
3387 1742 3671 1814 invicem
3726 1743 4280 1841 superimposita3
4338 1743 4520 1842 quod

1477 1864 1620 1935 fieri
1672 1887 1808 1933 non
1849 1870 2119 1959 posset,
2173 1861 2229 1930 si
2281 1860 2433 1956 pori
2485 1883 2572 1931 ex
2611 1858 2878 1955 punctis
2923 1858 2990 1929 in
3037 1856 3556 1958 hymenophoro
3596 1860 3986 1933 successive
4019 1860 4307 1935 evolutis
4344 1865 4521 1960 ejus-

1480 2006 1612 2081 que
1666 1992 1875 2051 trama
1925 1977 2133 2050 modo
2186 1976 2474 2049 distincti
2527 1987 2772 2048 essent.
2902 1972 3033 2048 His
3088 1978 3211 2049 rite
3265 1980 3647 2077 perspectis
3702 1978 3879 2051 clara
3921 1978 3994 2051 fit
4047 1980 4276 2081 typica
4338 1978 4521 2053 diffe-

1474 2102 1685 2174 rentia
1727 2095 2297 2196 Polystictorum,
2355 2092 2748 2167 Trametum
2800 2105 2961 2182 etc.,
3013 2094 3170 2167 licet
3218 2095 3305 2169 de
3359 2096 3637 2195 singulis
3702 2095 4060 2171 individuis
4111 2096 4360 2172 dubius
4398 2100 4523 2178 sinz

1476 2219 1607 2292 hae
1651 2240 1817 2290 vero
1871 2212 2288 2286 difficultates
2339 2212 2657 2285 tolluntur
2704 2215 2759 2286 si
2812 2212 2900 2285 ad
2945 2240 3272 2312 pororum
3324 2218 3605 2315 genesin
3659 2215 4080 2290 attendimus.

1279 2419 1337 2488 ⁴.
1466 2409 1546 2483 Β.
1601 2426 2029 2490 nonus'rus,
2074 2400 2269 2503 pileo
2319 2400 2685 2503 pulvinato
2738 2402 2938 2478 sicco
2985 2399 3241 2505 glabro
3288 2401 3589 2479 sordide
3617 2402 3969 2493 alutaceo,
4019 2403 4256 2506 stipite
4283 2405 4522 2483 solido

1480 2548 1732 2599 crasso
1775 2520 2234 2597 subbulboso
2285 2520 2474 2595 laevi
2526 2519 2805 2607 albido,
2859 2520 3062 2621 poris
3120 2522 3474 2625 elongatis
3528 2522 3777 2598 liberis
3828 2522 4181 2599 rotundiS.

1578 2666 1705 2742 Ad
1756 2674 2022 2741 terram
2071 2664 2148 2740 in
2195 2664 2533 2739 Vulcano
2584 2662 2764 2738 Irasi
2816 2662 2893 2738 in
2942 2664 3164 2739 Costa
3199 2664 3412 2753 Rica,
3468 2664 3897 2741 Februario.
3969 2656 4155 2744 Oret.
4197 2680 4282 2744 ic.
4336 2676 4448 2745 55.

1581 2824 1999 2926 Specimina'
2044 2826 2112 2897 in
2173 2827 2409 2925 spiritu
2460 2826 2594 2898 vini
2646 2824 2731 2897 ab
2779 2825 2980 2898 icone
3030 2827 3318 2898 maxime
3370 2824 3698 2902 differunt.
3798 2824 3920 2900 Ad
3961 2828 4072 2902 illa
4123 2828 4523 2930 descriptio-

1475 2973 1632 3022 nem
1692 2943 1985 3030 confeci,
2040 2941 2165 3016 sed
2216 2944 2308 3016 ob
2351 2942 2650 3016 colorem
2703 2954 2916 3016 totum
2945 2955 3159 3016 atrum
3209 2943 3389 3018 hunc
3447 2971 3533 3018 ex
3575 2947 3774 3019 icone
3819 2946 4124 3021 indicavi.
4227 2945 4521 3047 Species

1474 3068 1725 3163 major,
1775 3062 1972 3137 valde
2017 3062 2329 3146 robusta,
2383 3062 2562 3134 bene
2604 3059 3033 3160 respondens
3077 3064 3255 3136 iconi
3311 3060 3497 3138 Clas.
3533 3074 3811 3164 per-nic.
3838 3092 3998 3160 gen.
4025 3065 4235 3138 XIX
4247 3093 4427 3167 spec.
4458 3068 4520 3140 7.

1482 3181 1721 3283 Stipes
1774 3182 2204 3268 obclavatus,
2256 3180 2755 3268 subbulbosus,
2806 3186 2847 3252 3
2899 3207 3051 3254 unc.
3103 3181 3381 3280 longus,
3432 3182 3602 3255 ultra
3652 3184 3919 3255 unciam
3993 3210 4300 3271 crassus,
4384 3183 4520 3258 fere

1475 3303 1568 3375 B.
1620 3301 1839 3373 luridi
1888 3302 2027 3397 (est
2070 3324 2236 3372 vero
2282 3325 2370 3373 ex
2416 3297 2709 3372 edulium
2760 3301 3040 3402 stirpe),
3089 3300 3429 3388 unicolor,
3478 3300 3659 3372 haud
3707 3303 4055 3377 manifeste
4109 3305 4523 3390 reticulatus,

1474 3418 1757 3493 albidus.
1857 3416 2092 3491 Pileus
2147 3414 2510 3489 admodum
2563 3443 2889 3491 carnosus
2910 3476 2929 3507 ,
2978 3420 3337 3518 regularis,
3389 3426 3430 3492 3
3473 3444 3626 3492 unc.
3673 3419 3879 3508 latus,
3958 3423 4259 3520 margine
4343 3421 4521 3494 haud

1473 3537 1810 3611 infractus.
1910 3532 2080 3607 Pori
2130 3536 2446 3621 convexi,
2499 3534 2873 3633 regulares,
2941 3563 2980 3608 a
3042 3538 3266 3635 stipite
3333 3538 3602 3609 omnino
3664 3538 3966 3627 discreti,
4055 3539 4322 3627 luteoli,
4401 3539 4523 3614 sed

1474 3652 1922 3755 nigricantes?
1969 3649 2331 3724 Proximus
2383 3652 2475 3723 Β.
2527 3653 2833 3753 impolito
2882 3656 3030 3753 (qui
3071 3656 3163 3727 B.
3189 3671 3567 3755 suspectus.
3617 3654 3952 3729 Krombh.
3983 3668 4026 3729 t.
4061 3664 4162 3730 74.
4191 3658 4233 3731 s.
4262 3661 4521 3758 8—44)

1579 3797 1855 3898 Reliqui
1904 3823 2177 3897 quoque
2229 3798 2387 3868 novi
2443 3797 2705 3885 Boleti,
2761 3801 2828 3871 in
2878 3796 3141 3871 decima
3187 3811 3350 3898 post
3403 3800 3657 3873 obitum
3709 3798 4036 3874 Auctoris
4092 3801 4272 3875 edito
4321 3803 4522 3877 fasci-

1476 3919 1629 3992 culo
1687 3916 1943 4017 Operis
1993 3913 2549 3989 Krombholziani
2600 3927 2911 4016 spectant
2960 3916 3048 3988 ad
3095 3920 3365 4017 species
3408 3922 3543 4016 jam
3601 3921 3937 4018 cognitas:
3998 3921 4286 3994 Boletus
4350 3930 4522 3994 seri-

1477 4064 1632 4109 ceus
1685 4047 1728 4108 t.
1783 4042 1884 4107 76.
1936 4034 1979 4107 s.
2024 4040 2207 4106 6—9
2261 4077 2324 4104 =
2375 4030 2463 4105 Β.
2519 4034 3094 4133 appendiculams.
3197 4035 3507 4135 Schaeff
3590 4038 3682 4111 B.
3748 4039 4232 4139 xanthoporue
4305 4052 4350 4112 t.
4421 4046 4520 4113 75.

1475 4157 1518 4229 f.
1570 4159 1836 4228 ⁴5—49
1870 4197 1932 4224 =
1973 4149 2061 4224 Β.
2114 4151 2413 4250 fragrans
2482 4151 2740 4226 Vittad.
2815 4154 2907 4226 Β.
2971 4163 3297 4229 inunctus
3345 4201 3411 4228 =
3462 4153 3553 4229 Β.
3608 4158 3957 4231 collinitus.
4016 4202 4112 4214 —
4167 4159 4259 4231 B.
4315 4159 4523 4232 leoni·

1482 4301 1615 4346 nus
1651 4317 1717 4344 =
1755 4269 1843 4344 Β.
1897 4272 2255 4345 obsonium
2312 4270 2521 4347 Paul.
2621 4272 2712 4344 Β.
2764 4270 3186 4347 strobiloides
3236 4287 3281 4347 t.
3336 4278 3435 4347 ⁴4.
3489 4274 3531 4348 f.
3588 4280 3689 4361 ⁴2,
3743 4280 3826 4348 ⁴3
3873 4318 3939 4347 =
3980 4274 4067 4349 Β.
4123 4277 4521 4351 strobilisor-

1472 4395 1599 4466 mis
1652 4392 1855 4491 Scop.
1912 4433 2005 4444 —
2061 4386 2141 4461 Si
2209 4388 2365 4461 divo
2418 4386 2706 4463 Auctori
2785 4419 3190 4466 concessum
3269 4393 3509 4471 fuisset
3587 4394 3968 4468 ultimorum
4048 4394 4520 4469 fasciculorum

1476 4523 1729 4586 textum
1783 4506 2129 4606 redigere,
2185 4520 2319 4579 tam
2360 4508 2740 4582 inconditus
2793 4509 2976 4582 haud
3026 4510 3421 4611 prodiisset!
3476 4556 3569 4567 —
3626 4513 3780 4585 Bol.
3833 4512 4093 4586 lactem
4146 4511 4427 4588 Leveill.
4454 4517 4520 4588 in

1480 4628 1660 4704 Ann.
1713 4625 1833 4701 Sc.
1891 4624 2053 4698 Nat.
2104 4631 2286 4699 ⁴848.
2340 4624 2390 4698 I.
2442 4656 2511 4728 p.
2566 4634 2707 4701 ⁴24.
2760 4642 2805 4702 t.
2856 4636 2916 4703 9.
2969 4629 3010 4703 f.
3066 4634 3122 4702 l.
3169 4633 3440 4704 omnino
3484 4627 3573 4702 Β.
3626 4656 4042 4733 cyanescens
4100 4632 4421 4707 adultior!

1903 4807 2390 4881 Pouponns.
2496 4803 2738 4906 Epicr.
2787 4828 2855 4905 p.
2913 4812 3067 4893 427,
3118 4804 3401 4881 incluso
3444 4804 3869 4905 Polysticto.

1574 4944 2027 5045 Hymenium
2104 4942 2685 5031 determinatum,
2762 4941 3359 5045 praeformatum,
3447 4944 4057 5048 heterogeneum,
4132 4943 4516 5021 tubuloso-

1472 5088 1824 5165 porosum
1846 5122 1863 5149 ,
1919 5061 2307 5137 formatum
2360 5087 2403 5135 a
2453 5059 2723 5137 tubulis
2777 5061 3104 5162 primitus
3156 5062 3452 5151 clausis,
3514 5063 3685 5139 dein
3730 5063 3998 5163 apertis
4045 5062 4514 5166 dilatatisque,

1471 5182 1661 5257 inter
1702 5206 1785 5256 se
1842 5188 1915 5255 et
1964 5205 2130 5254 cum
2179 5177 2749 5281 hymenophoro
2801 5177 3302 5283 heterogeneo
3357 5189 3555 5256 arcte
3607 5181 3970 5267 connatiS,
4031 5179 4312 5284 absque
4375 5189 4518 5256 tra-
4564 5186 4572 5196 '

1472 5325 1593 5375 ma
1644 5298 1736 5374 ab
1776 5296 2340 5400 hymenophoro
2389 5296 2721 5374 formato.
2830 5301 3237 5375 Contextus
3288 5299 3686 5376 uniformis.
3775 5298 4256 5402 Sporophora
4298 5308 4512 5376 tetra-
