4984 6517
1408 562 1575 650 116

1490 776 2143 863 infundibulisormis,
2219 776 2345 850 sed
2408 775 2590 850 haud
2658 776 2826 851 ultra
2878 779 3117 851 lineam
3166 776 3357 850 latus.
3461 773 3871 880 Hymenium
3943 780 4008 852 in
4054 779 4292 858 adultis
4341 786 4517 886 plicis

1484 897 1902 996 simplicibus
1955 895 2311 969 subtilibus
2365 895 2572 968 modo
2626 898 2946 970 striatam.

2340 1083 2773 1161 cymas.
2877 1082 3121 1185 Epicr.
3180 1108 3249 1185 p.
3308 1080 3477 1158 566.

1591 1230 1668 1309 C.
1709 1234 2028 1333 pendula
2084 1231 2201 1332 (P.
2258 1233 2545 1332 digitalis
2598 1232 2985 1338 Schwein.)
3048 1263 3088 1309 e
3146 1259 3399 1334 genere
3452 1231 3935 1306 naturalissimo
4003 1231 4303 1309 deleatur
4349 1236 4512 1334 (cfr.

1480 1347 1740 1424 Summ.
1765 1349 1947 1451 Veg.
1976 1349 2295 1452 Scand.);
2348 1358 2453 1426 est
2491 1380 2739 1453 nempe
2793 1352 3009 1425 forma
3058 1353 3301 1427 sterilis
3352 1349 3602 1451 Polyp.
3655 1351 4222 1452 cupulaesormis.
4253 1350 4515 1430 Berkel.

1479 1476 1549 1545 et
1601 1468 1822 1544 Cart!

2295 1569 2794 1644 procmms.
2901 1566 3143 1669 Epicr.
3195 1592 3264 1669 p.
3326 1567 3496 1645 569.

1279 1716 1341 1788 1.
1467 1712 1561 1787 Η.
1616 1733 2215 1789 Rusuocmcws.
2321 1707 2643 1784 Ehrenb.
2701 1753 2797 1767 —
2856 1710 3101 1811 Epicr.
3158 1709 3203 1784 l.
3261 1734 3322 1784 c.
3381 1735 3548 1786 cum
3603 1713 3806 1812 sym!

1479 1838 1489 1855 ’
1571 1851 1655 1925 In
1714 1851 1938 1924 Costa
1985 1849 2183 1924 Rica.
2299 1837 2573 1926 O'rsted.

1589 1997 2004 2071 Trio-linium
2084 1995 2149 2071 F
2154 2024 2235 2071 ee
2317 1995 2559 2099 Crypt.
2613 2002 2790 2070 exot.
2843 2024 2912 2096 p.
2977 1997 3141 2073 147.
3193 2003 3240 2071 t.
3294 1997 3415 2074 34.
3465 1998 3507 2072 s.
3564 1999 3626 2070 1.
3678 2001 3786 2071 est
3836 1995 4077 2070 thallus
4153 1992 4514 2068 Parmeliae

1470 2118 1819 2215 cujusdam
1877 2115 2277 2190 destructus.
2382 2115 2456 2189 In
2519 2115 2728 2189 Costa
2776 2113 2951 2190 Rica
2995 2142 3274 2217 quoque
3324 2117 3487 2216 legit
3538 2103 3805 2189 O'rsted.

2184 2302 2617 2379 omnum.
2723 2301 2928 2377 Linn.
2990 2345 3086 2362 -
3139 2303 3380 2407 Epicr.
3437 2302 3534 2380 57
3538 2308 3605 2379 0.

1272 2461 1333 2533 1.
1466 2457 1545 2532 C.
1599 2480 2089 2546 monscensi,
2154 2459 2246 2534 ad
2310 2455 2523 2534 basin
2583 2483 2819 2560 usque
2871 2457 3135 2547 divisa,
3189 2458 3475 2563 glabra,
3533 2457 4068 2541 cinnamomea,
4124 2450 4325 2528 sicca
4387 2450 4509 2553 lig·

1457 2599 1643 2651 nosa
1688 2573 2354 2652 sulcato-lacunosa
2403 2576 2853 2679 nigrescenS,
2908 2578 3128 2654 ramis
3163 2576 3415 2653 solidis
3442 2575 3706 2653 crassis
3732 2570 4187 2650 subramosis
4215 2569 4503 2648 obtusis.

1565 2692 1643 2768 In
1693 2698 1906 2771 insula
1957 2694 2309 2773 Maderae.
2416 2697 2966 2797 Kamphb'vener.

1560 2832 1857 2935 Species
1911 2839 2221 2936 insignis,
2274 2843 2340 2911 at
2389 2844 2461 2911 ut
2519 2843 2680 2914 varii
2735 2841 2919 2939 fungi
2968 2841 3234 2915 carnosi
3297 2837 3383 2912 ad
3448 2837 3817 2938 specimina
3873 2837 4057 2910 sicca
4123 2861 4332 2934 aegre
4396 2831 4508 2906 de-

1470 2955 1796 3029 scribitur.
1903 2953 2053 3030 Sed
2102 2957 2332 3057 plures
2380 2957 2624 3032 adsunt
2665 2962 2936 3059 species
2987 2986 3027 3034 e
3075 2961 3271 3033 terris
3325 2955 3788 3042 calidioribus,
3831 2956 3899 3027 in
3957 2956 4113 3025 vivo
4164 2953 4339 3028 laete
4395 2978 4508 3025 co·

1454 3071 1738 3160 loratae,
1791 3074 2015 3148 siccae
2070 3102 2231 3149 vero
2282 3075 2514 3151 fuscae
2567 3078 2606 3150 l.
2658 3081 2922 3177 nigrae,
2969 3078 3377 3178 peculiarem
3431 3076 3628 3173 hujus
3670 3074 3939 3173 generis
3992 3070 4185 3147 facile
4238 3073 4507 3170 stirpem

1458 3190 1870 3266 exhibentes.
1972 3189 2092 3265 Ad
2142 3197 2332 3270 basin
2387 3221 2603 3295 usque
2656 3195 2867 3270 divisa
2914 3223 3242 3296 praesens
3296 3197 3364 3269 in
3422 3220 3647 3268 ramos
3699 3217 3959 3292 paucos
3989 3188 4506 3274 adscendentes,

1456 3310 1859 3409 inaequales,
1909 3338 2148 3410 parum
2181 3312 2436 3389 divisos
2490 3320 2560 3388 et
2604 3317 2798 3415 apice
2850 3316 3368 3388 obtusiusculos.
3471 3309 3864 3386 Substantia
3913 3312 3978 3382 in
4026 3311 4185 3382 vivo
4227 3332 4503 3381 carnosa

1455 3426 1581 3501 sed
1630 3429 1697 3500 in
1747 3430 1944 3502 siccis
1993 3431 2190 3505 valde
2246 3433 2657 3506 contrahitur
2707 3438 2776 3506 et
2831 3432 2987 3506 hinc
3038 3438 3181 3505 tota
3243 3430 3804 3532 longitudinaliter
3855 3428 4142 3513 sulcata,
4191 3425 4386 3498 color
4438 3425 4499 3496 in

1453 3545 1609 3618 vivo
1665 3547 2183 3621 cinnamomeus.
2287 3547 2559 3651 Sporae
2618 3548 2880 3623 desunt.

1258 3724 1322 3797 2.
1461 3723 1541 3797 C.
1597 3746 2089 3813 FUSCESOENS,
2161 3752 2205 3802 a
2255 3726 2418 3804 basi
2465 3728 2666 3804 tenui
2719 3730 3241 3819 ramosissima,
3311 3731 3601 3834 glabra,
3662 3727 3961 3831 pallida,
4024 3725 4219 3801 sicca
4273 3723 4502 3807 fusca,

1452 3841 1672 3916 ramis
1723 3841 2074 3918 teretibus
2125 3844 2379 3921 solidis
2432 3847 2805 3923 multifidis
2855 3847 3311 3924 filiformibus
3364 3848 3691 3923 laevibus
3744 3847 3950 3948 apice
4002 3842 4375 3921 subulatis.

1550 3981 1679 4058 Ad
1729 3981 2059 4059 Mis-ador
2111 3984 2318 4088 regni
2369 3985 2741 4062 Mexicani
2791 3987 2887 4063 ad
2937 3995 3237 4064 truncos
3289 3986 3643 4088 putridos
3751 3984 4109 4060 Liebman.

1547 4121 1754 4197 Juxta
1814 4124 1890 4199 C.
1928 4127 2370 4226 pyxidatam
2421 4125 2686 4200 videtur
2732 4128 3120 4216 inserenda,
3183 4127 3310 4202 sed
3382 4153 3630 4226 sporae
3708 4129 4000 4226 ignotae.
4103 4124 4496 4200 Admodum

1444 4242 1745 4341 gracilis,
1808 4246 1883 4341 13
1936 4271 2082 4316 unc.
2133 4245 2293 4332 alta,
2345 4247 2631 4317 maxime
2697 4251 2767 4319 et
2818 4249 3440 4345 repetito-ramosa,
3518 4246 3646 4319 sed
3722 4272 3960 4319 omnes
4032 4247 4198 4319 rami
4270 4244 4493 4319 filisor-

1442 4386 1620 4448 mes,
1675 4360 1967 4461 undique
2019 4362 2253 4460 glabri.
2360 4360 2568 4437 Sicca
2623 4363 2840 4437 mollis
2890 4370 2959 4437 et
3012 4364 3309 4437 flaccida.

1542 4499 1795 4577 Similis
1857 4505 2127 4604 species
2192 4505 2366 4578 lecta
2417 4504 2537 4602 (ad
2586 4507 2908 4605 terram?)
2973 4505 3059 4577 ad
3111 4502 3190 4578 S.
3246 4502 3612 4592 Bartolini,
3690 4501 4016 4604 Trapede
4068 4501 4156 4575 de
4212 4502 4277 4575 la
4331 4528 4491 4574 con·

1443 4625 1750 4729 ception,
1822 4624 2054 4698 colore
2110 4651 2248 4698 non
2299 4623 2603 4711 diversa,
2660 4624 2788 4698 sed
2835 4626 3036 4698 ramis
3081 4625 3399 4698 intricatis
3450 4622 3779 4723 crispulis,
3850 4627 4149 4696 ceterum
4220 4619 4298 4696 C.
4354 4630 4491 4694 cri-

1443 4742 1691 4840 spulae
1743 4743 2086 4816 simillima.

1241 4885 1306 4959 3.
1443 4883 1525 4961 C.
1576 4907 1897 4971 Poma,
1953 4910 1999 4960 a
2049 4883 2211 4961 basi
2258 4910 2583 4973 ramosa,
2667 4884 2950 4989 glabra,
3032 4883 3303 4971 albida,
3369 4884 3568 4959 sicca
3607 4881 4184 4987 rigido-fiagiIiS,
4265 4882 4490 4986 p'alle·

1438 5026 1686 5093 scens,
1740 5004 1960 5079 ramis
2010 5003 2358 5079 fistulosis
2408 5028 2632 5119 parce
2682 5001 2930 5079 divisis
2975 5002 3479 5106 inaequalibus
3532 5002 3779 5078 acutis.

1537 5146 1624 5220 ln
1668 5142 1970 5221 Mexico
2021 5144 2120 5220 ad
2166 5145 2524 5245 Zuacapa.
2629 5143 2986 5220 Liebman.

1542 5287 1836 5367 Habitus
1886 5291 2276 5390 peculiaris,
2329 5289 2612 5390 politus,
2665 5288 2806 5364 fere
2862 5286 3260 5364 Corallinae.
3367 5284 3598 5362 Caulis
3648 5313 3689 5360 a
3739 5287 3886 5363 basi
3949 5288 4207 5363 solutus
4258 5291 4326 5360 in
4378 5312 4482 5361 ra·
