4984 6517
779 1858 919 1952 DE
1005 1858 1688 1957 DISCIPLINA
1775 1863 1908 1956 ΕΤ
1995 1860 2405 1958 STUDIO
2496 1782 3247 1959 IITTERARUM

1661 2098 2375 2194 LATINARUM.

1807 2409 2243 2485 Scmpsn·

1622 2647 1700 2713 (3.
1759 2647 1838 2713 Β.
1892 2644 2436 2714 ΖΕΙΙΒΙΤΖ.Ἰ

423 3045 909 3180 Quicumque
982 3080 1275 3182 publice
1347 3081 1664 3159 docendi
1735 3109 1998 3161 munus
2072 3084 2394 3160 aditurus
2466 3092 2607 3172 est,
2662 3082 2849 3158 illius
2906 3108 3072 3160 esse
3126 3082 3300 3160 mihi
3352 3089 3636 3185 quiden]

423 3199 711 3275 videtur
788 3197 894 3272 sic
969 3198 1257 3277 scholas
1307 3199 1625 3278 habendi
1672 3202 1917 3279 facere
1966 3204 2273 3292 initium,
2333 3214 2412 3279 ut
2465 3203 2775 3304 primum
2829 3203 3148 3278 omnium
3204 3201 3520 3277 declaret
3576 3221 3644 3277 et:

428 3314 787 3402 ostendat,
868 3342 1083 3417 quam
1160 3318 1319 3419 ipse
1400 3320 1571 3400 artis
1655 3323 1850 3419 ejus,
1927 3321 1997 3396 in
2069 3348 2211 3423 qua
2293 3320 2726 3407 elaborabit,
2795 3320 2940 3395 vim
2991 3331 3063 3395 et
3107 3330 3428 3394 naturam
3480 3349 3643 3393 esse

426 3434 821 3520 existimet,
895 3443 968 3510 et
1040 3436 1419 3537 quomodo
1483 3447 1787 3515 tractare
1840 3465 2001 3515 eam
2049 3449 2123 3515 et
2170 3440 2458 3515 tradere
2511 3437 2974 3514 constituerit.
3084 3436 3306 3529 Quod
3360 3465 3520 3509 cum
3580 3441 3648 3513 iu

428 3552 678 3656 quavis
762 3562 914 3628 arte
988 3556 1158 3651 jure
1210 3555 1630 3656 postuletur,
1681 3566 1832 3632 tum
1872 3583 2052 3632 vero
2105 3557 2179 3633 in
2229 3558 2479 3633 litteris
2529 3556 3024 3631 Romanorum
3078 3555 3364 3630 minime
3416 3573 3649 3653 potest

427 3671 718 3748 remitti:
801 3696 1104 3772 quarum
1186 3672 1422 3748 studia
1499 3683 1572 3751 et
1643 3675 1954 3775 pristinis
2039 3676 2489 3775 temporibus
2582 3700 2732 3749 non
2810 3698 3102 3774 semper
3158 3681 3323 3748 sunt
3384 3681 3648 3745 eodum

429 3814 728 3891 prorsus
804 3789 1032 3865 modo
1101 3786 1224 3865 aut
1293 3801 1648 3893 concepta
1718 3801 1840 3868 aut
1880 3794 2191 3869 instituta
2232 3804 2354 3868 aut
2404 3792 2594 3867 culta
2638 3791 2975 3893 denique,
3030 3799 3102 3867 et
3147 3790 3284 3866 hac
3336 3793 3652 3865 maz-:ime

407 3918 662 3984 ‘aetate
741 3908 935 3983 tanta
1000 3907 1421 4008 opinionum
1472 3910 1814 3987 varietate
1870 3937 1957 3986 ac
2006 3911 2478 4014 repugnantia
2522 3909 2971 3986 eruditorum
3022 3908 3234 3984 etiam
3282 3906 3652 3985 huminum

431 4025 712 4102 animos
783 4024 1195 4102 distrahunt.
1319 4027 1519 4102 Dum
1600 4028 1794 4104 enim
1842 4027 2010 4104 hinc
2062 4028 2258 4105 docti
2309 4027 2644 4104 homines
2707 4025 3134 4128 antiquitatis
3184 4024 3656 4101 admiratores

432 4159 754 4220 veterem
814 4169 1107 4219 omnem
1160 4143 1571 4248 dignitatem
1629 4147 2020 4249 locumque
2066 4149 2440 4249 pristinum
2481 4146 2730 4222 litteris
2779 4144 3084 4247 antiquis
3127 4157 3488 4219 servatum
3544 4145 3652 4217 vel

434 4263 672 4365 potius
750 4263 1148 4337 restitutum
1226 4263 1504 4352 volunt,
1562 4264 1755 4340 illino
1809 4265 1928 4340 alii
1982 4291 2386 4368 eorumque
2451 4290 2604 4340 non
2671 4262 2882 4365 pauci
2935 4261 3225 4348 eruditi,
3280 4289 3500 4362 quum
3556 4265 3656 4333 vi-

437 4380 741 4456 deantur
815 4379 953 4455 sibi
1026 4380 1599 4457 animadvertere
1645 4383 1893 4459 litteris
1944 4383 2079 4460 illis
2129 4411 2293 4460 esse
2348 4392 2820 4486 patronorum
2869 4377 3468 4454 immoderatione
3536 4381 3656 4453 ali-

440 4507 782 4602 quantum
819 4497 1049 4573 laudis
1099 4500 1471 4588 adfictum,
1524 4500 1812 4576 elevare
1866 4528 1991 4577 eas
2040 4513 2393 4578 conantur
2441 4501 2674 4603 iisque
2723 4499 2936 4575 etiam
2962 4497 3152 4574 illam
3178 4497 3656 4597 abjudicatam

441 4617 736 4717 cupiunt
807 4617 1171 4704 virtutem,
1222 4643 1410 4719 quae
1462 4643 1610 4693 non
1660 4629 1900 4720 potest
1948 4646 2115 4696 esse
2164 4634 2468 4696 externa
2523 4627 2594 4694 et
2630 4616 3065 4706 adventicia,
3115 4615 3250 4691 sed
3297 4614 3504 4690 insita
3556 4631 3664 4689 est

440 4744 655 4837 atque
703 4735 941 4809 innata
992 4761 1131 4809 nec
1199 4761 1536 4839 umquam
1586 4739 1973 4815 interitura.
2084 4741 2293 4830 Quae
2349 4764 2513 4813 cum
2566 4738 2664 4812 ita
2714 4736 2884 4823 sint,
2940 4743 3228 4835 oportet
3282 4760 3484 4817 eum?
3544 4737 3660 4833 qui

438 4854 717 4929 illarum
766 4853 1210 4955 disciplinam
1260 4855 1645 4931 traditurus
1698 4858 1862 4945 erit,
1916 4856 1989 4931 in
2039 4857 2213 4958 ipsis
2266 4855 2583 4932 docendi
2637 4854 2849 4931 initiis
2901 4853 3255 4956 profiteri,
3295 4850 3448 4949 ipse.
3496 4853 3668 4949 quid

442 4971 700 5045 sentiat
753 4969 845 5045 de
898 4972 1110 5047 variis
1162 4971 1296 5047 illis
1351 4973 1813 5075 opinionibus
1854 4975 2399 5078 rationibusque
2454 4974 2759 5050 diversis
2795 4982 2865 5048 et
2888 4971 3168 5047 illarum
3193 4978 3380 5045 utras
3408 4969 3668 5069 probet

653 5181 673 5203 ·
705 5178 853 5233 Haec
891 5187 1018 5232 sunt
1052 5196 1118 5232 ex
1157 5179 1397 5232 oratione
1432 5196 1523 5244 ea,
1560 5197 1666 5252 qua
1698 5179 2050 5252 Eloquentiae
2085 5189 2140 5235 et
2175 5180 2366 5236 Poesis
2405 5180 2744 5236 Professor-is
2782 5197 2973 5233 munus
3011 5177 3097 5232 die
3132 5176 3211 5230 VI
3248 5189 3368 5230 ante
3408 5173 3668 5225 [namnida

444 5263 780 5321 Novembres
814 5263 1180 5321 MDCCCLIII
1214 5264 1475 5337 Upsaliae
1509 5267 1818 5340 auspicatus
1855 5276 1954 5322 est.

3274 5349 3368 5421 49
