4984 6517
450 3244 490 3308 l.

450 4864 498 4920 Ξ.

3437 577 3549 663 39

617 813 741 882 cto
793 803 1109 907 stipitato
1161 801 1549 880 lateraliter
1598 797 1963 900 producto
2016 796 2204 873 laevi
2259 793 2516 901 glabro
2532 854 2549 882 ,
2615 790 2917 868 lamellis
2968 817 3012 868 e
3054 796 3325 891 puncto
3384 815 3659 866 excen-

612 924 798 1000 trico
849 920 1294 997 radiantibus
1344 917 1688 996 confertis
1738 915 2239 1019 inaequalibus
2287 911 2883 990 lacero-dentatis
2934 908 3136 985 albis.

723 1071 850 1148 Ad
897 1071 1122 1145 Costa
1169 1067 1364 1142 Rica.
1475 1054 1743 1144 O‘reted.
1803 1094 1868 1137 n.
1918 1071 2026 1141 59.

725 1217 1019 1320 Species
1070 1218 1515 1303 nobilissima,
1566 1222 1607 1288 3
1656 1242 1807 1289 unc.
1861 1241 2082 1314 usque
2127 1216 2366 1313 longa,
2419 1211 2551 1285 sed'
2595 1209 2775 1285 haud
2823 1224 3209 1311 compacta,
3276 1235 3429 1282 cum
3483 1208 3656 1281 nulla

612 1339 955 1438 descripta
1008 1335 1478 1436 comparanda.
1584 1330 1734 1408 Sed
1788 1333 1966 1405 nulla
2019 1333 2214 1407 adest
2261 1335 2452 1419 icon,
2502 1331 2848 1429 specimen
2903 1331 2970 1402 in
3028 1332 3261 1429 spiritu
3313 1329 3446 1400 vini
3475 1339 3658 1401 cete-

617 1487 769 1532 rum
846 1459 1100 1556 optime
1182 1466 1651 1529 conservatum
1719 1463 1933 1524 totum
2012 1465 2258 1535 atrum,
2313 1476 2352 1523 e
2424 1448 2747 1522 schedula
2805 1449 3170 1521 inventoris
3222 1446 3522 1520 lamellae
3562 1447 3655 1518 al-

623 1576 839 1652 bidae.
951 1572 1199 1652 Quoad
1251 1585 1646 1647 structuram
1704 1582 1772 1644 et
1831 1568 2124 1642 lamellas
2182 1580 2481 1641 ceterum
2541 1593 2693 1639 cum
2752 1567 2840 1639 L.
2892 1582 3194 1640 castoreo
3242 1567 3570 1639 convenit.

1563 1761 1842 1835 Pauus.
1947 1757 2187 1859 Epicr.
2244 1784 2311 1859 p.
2367 1768 2509 1834 397.

727 1904 887 1980 Hes
939 1934 1152 2004 genus
1201 1934 1240 1979 a
1291 1906 1595 1982 Lentinis
1642 1909 2011 1982 luculenter
2066 1908 2283 1982 differt
2326 1922 2644 1985 contextu
2696 1923 2765 1985 et
2827 1910 3194 1982 substantia
3244 1908 3402 2007 pilei
3483 1903 3663 1977 haud

627 2028 1070 2124 ligneseente,
1124 2025 1248 2100 sed
1297 2029 1823 2101 coriaceo-lenta
1872 2027 2053 2099 molli
2105 2031 2509 2128 persistente
2561 2027 2700 2133 (P.
2731 2038 3152 2130 pycnoticus
3207 2053 3369 2099 suae
3419 2022 3661 2097 indolis

623 2152 759 2244 est)
779 2204 799 2232 ,
875 2147 1241 2244 praecipue
1311 2172 1478 2219 vero
1542 2146 1819 2220 lamellis
1895 2146 2355 2245 inaequalibus
2422 2160 2491 2221 et
2552 2149 3027 2246 integerrimis,
3104 2148 3401 2219 siccitate
3452 2140 3659 2215 modo

631 2268 903 2364 crispis,
987 2266 1254 2337 omnino
1307 2263 1721 2364 Agaricinis,
1771 2267 1836 2337 in
1889 2265 2056 2337 duas
2100 2265 2375 2338 laminas
2428 2266 2833 2352 scissilibus‚
2887 2283 3122 2338 trama
3161 2267 3513 2365 flocco-ra,
3585 2269 3660 2331 in

623 2384 1051 2484 spes-ephoris
1104 2385 1428 2457 radiante
1476 2429 1569 2440 —
1620 2409 1980 2482 numquam
2028 2395 2102 2455 ut
2149 2385 2214 2455 in
2266 2380 2571 2457 Lentinis
2615 2384 3144 2456 membranaceis
3189 2381 3401 2481 (haud
3434 2380 3661 2453 scissi·

623 2504 827 2600 libus)
891 2501 1433 2576 lacero-dentatis
1485 2501 1525 2573 l.
1575 2504 1641 2575 in
1695 2499 2231 2575 Solet-omatibus
2291 2500 2688 2602 aequalibus
2737 2502 3196 2602 integerrimis.
3323 2498 3661 2572 Praesen-

631 2624 803 2692 tibus
859 2623 1336 2720 speciminibus
1392 2621 1747 2721 completis
1798 2646 2161 2720 numquam
2198 2623 2286 2696 de
2334 2648 2587 2721 genere
2638 2620 2841 2693 dubia
2891 2632 3171 2705 restant3
3220 2617 3391 2691 Pani
3437 2618 3663 2715 reipsa

631 2740 939 2836 Agat-icis
995 2740 1204 2837 magis
1262 2738 1494 2813 affines
1550 2752 1618 2813 et
1674 2740 1803 2813 sub
1876 2737 2192 2840 Agaricis
2266 2740 2486 2813 adhuc
2554 2739 2939 2838 frequenter
3004 2737 3512 2811 confunduntur.
3567 2777 3662 2790 —

639 2856 735 2928 At
783 2884 823 2928 e
883 2856 1445 2957 descriptionibus
1522 2857 1693 2932 datis
1765 2886 1981 2957 genus
2057 2886 2261 2960 aegre
2337 2859 2841 2944 determinatum
2923 2854 3191 2931 Lentini
3265 2854 3534 2956 quidam
3597 2855 3662 2926 in

631 2976 799 3076 Syn,
859 2976 1146 3076 Hymen.
1190 3002 1229 3049 e
1281 2975 1848 3076 descriptionibus
1921 2974 2302 3052 Auctorum
2354 2977 2439 3050 ad
2488 2975 2930 3050 Lentinorum
3008 3001 3225 3073 genus
3302 2976 3521 3059 relati,
3585 3000 3659 3046 re

631 3100 775 3192 ipsa
827 3092 995 3168 Pani
1055 3097 1354 3194 species,
1401 3120 1647 3194 nempe
1698 3098 1787 3170 L.
1842 3124 2322 3193 mgr-ammas,
2377 3107 2698 3192 tingens,
2755 3105 3207 3169 tenuissimus.

619 3236 691 3308 P.
751 3258 1271 3313 eaeserrosus.
1378 3237 1584 3310 Berk.
1638 3240 1812 3313 Dec.
1863 3270 1930 3314 n.
1983 3251 2105 3317 120
2154 3237 2292 3314 sub
2343 3238 2675 3314 Lentino,

731 3380 855 3452 Ad
900 3392 1195 3456 truncos
1245 3380 1319 3455 in
1372 3380 1722 3468 Orizaba,
1780 3383 1986 3486 regni
2034 3383 2420 3459 Mexicani.
2477 3382 2832 3458 Liebman.

731 3522 975 3624 Stipite
1023 3526 1309 3624 rigente,
1359 3524 1941 3598 floccum-villoso
1996 3536 2066 3601 et
2120 3528 2374 3624 passim
2420 3525 2677 3612 velato,
2735 3524 2917 3624 pileo
2970 3522 3274 3595 floccoso
3340 3541 3655 3617 squamu-

635 3644 779 3716 lesn
835 3656 959 3716 ete.
1011 3645 1224 3740 primo
1276 3645 1510 3717 obtutu
1559 3670 1687 3742 pro
1742 3639 2030 3716 Lentino
2085 3669 2124 3715 e
2178 3645 2353 3717 tribu
2419 3640 2885 3743 Lepideorum
2970 3642 3140 3716 sumi
3189 3649 3454 3739 potest}
3538 3631 3662 3707 Sed

639 3764 1035 3844 substantia.
1088 3763 1185 3858 (in
1237 3764 1421 3835 sicco
1475 3762 1607 3834 uda
1624 3763 1674 3860 !)
1718 3760 1994 3834 lamellis
2050 3760 2263 3856 (latis,
2313 3762 2811 3862 inaequalibus,
2863 3761 3128 3835 siccatis
3181 3756 3454 3855 crispis)
3505 3777 3662 3826 exa-

639 3884 891 3952 minetis
947 3907 1178 3952 verum
1233 3905 1388 3953 esse
1439 3877 1738 3968 Panum,
1787 3882 1912 3953 nisi
1963 3878 2398 3978 Agaricuml,
2449 3882 2688 3956 elucet.
2793 3878 3078 3980 Stipites
3102 3886 3214 3965 00,
3265 3876 3331 3947 in
3378 3871 3663 3944 fascicu-

639 4000 767 4072 lum
815 4000 1094 4072 densum
1151 3999 1389 4097 juncti,
1443 4000 1622 4084 cavi,
1673 4000 1855 4071 varie
1907 4000 2099 4086 torti,
2172 3998 2486 4087 flexuosi,
2537 4007 2720 4073 2—3
2770 4026 2921 4073 unc.
2973 3996 3189 4094 longi,
3231 4002 3274 4065 2
3322 3992 3429 4065 lin.
3480 4014 3662 4062 cras-

639 4120 723 4204 si,
775 4120 1123 4216 aequales,
1176 4119 1413 4204 striati,
1455 4117 1520 4190 in
1565 4119 1763 4191 siccis
1821 4116 2218 4202 subsulcati,
2268 4116 2976 4192 flocculoso-fibrillosi
3032 4111 3353 4211 (indeque
3411 4106 3662 4207 passim

631 4236 891 4332 velati),
943 4240 1007 4308 in
1059 4237 1212 4307 vivo
1266 4234 1523 4335 pallidi,
1588 4237 1653 4307 in
1722 4236 1921 4308 siccis
1974 4233 2453 4310 suscescentes.
2556 4235 2790 4310 Pileus
2842 4231 3418 4315 camoso·lentus,
3503 4226 3665 4299 sub-

639 4356 1015 4440 stinemus,
1070 4366 1138 4424 at
1188 4380 1324 4426 non
1383 4354 1801 4451 liguescens,
1855 4355 2184 4451 exquisite
2238 4354 2630 4429 orbicularis
2682 4368 2750 4429 et
2800 4356 3070 4455 planus,
3115 4350 3415 4447 margine
3472 4347 3665 4418 invo-

643 4476 807 4556 lute,
859 4480 1043 4544 t—e
1084 4499 1236 4545 unc.
1289 4470 1460 4560 lato,
1506 4470 1777 4545 demum
1819 4472 2274 4559 umbilicatus,
2318 4471 2885 4561 fulvorufescens,
2940 4472 3174 4545 floccis
3225 4467 3479 4568 sparsis
3540 4463 3667 4536 ob-

639 4592 1047 4664 scuris-ribus
1121 4588 1596 4664 secedentibus
1681 4589 2172 4689 squamulosus.
2303 4588 2650 4666 Lamellae
2738 4592 3050 4679 adnatae,
3122 4588 3388 4688 poetice
3465 4582 3667 4655 dente

635 4720 967 4784 attenuate
1019 4708 1484 4794 decurrentes,
1538 4734 1667 4807 pro
1719 4709 1974 4781 ratione
2026 4708 2230 4798 latae,
2291 4710 2800 4798 subconfertae,
2851 4708 3198 4783 fulventes.

631 4852 707 4924 P.
759 4874 1158 4938 ILLUDENS,
1217 4874 1557 4937 croceus»,
1602 4845 1798 4949 pileo
1850 4876 2164 4927 carnoso
2216 4852 2413 4929 lento
2467 4851 3284 4954 applanato-umbonato
3309 4839 3672 4946 inaequali

643 4968 947 5072 vil-gete,
999 4969 1232 5070 stipite
1277 4968 1566 5071 lignoso
1620 4966 1859 5043 solido
1912 4968 2252 5074 elongato
2308 4971 2657 5048 deorsum
2708 4980 3105 5058 attenuato,
3161 4967 3462 5044 lamellis
3498 4960 3668 5039 sub-

639 5086 1189 5164 decan-entibus
1231 5087 1540 5162 ramosis
1594 5085 2111 5187 pallidioribuS.

747 5208 879 5308 Ag*
935 5204 1263 5281 illudens.
1371 5207 1588 5282 Schw.
1646 5206 1812 5283 Car.
1865 5237 1930 5280 n.
1983 5217 2128 5284 604.

755 5348 1209 5452 caespitosus
1260 5350 1354 5425 ad
1405 5348 1611 5427 basin
1659 5341 2083 5428 truncorum
2143 5351 2544 5429 carolinae.
2612 5352 2885 5430 Curtia!
