<?xml version="1.0" encoding="UTF-8"?>
<!DOCTYPE html PUBLIC "-//W3C//DTD XHTML 1.0 Transitional//EN"
    "http://www.w3.org/TR/xhtml1/DTD/xhtml1-transitional.dtd">
<html xmlns="http://www.w3.org/1999/xhtml" xml:lang="en" lang="en">
 <head>
  <title>
</title>
<meta http-equiv="Content-Type" content="text/html;charset=utf-8" />
  <meta name='ocr-system' content='tesseract 3.04.00' />
  <meta name='ocr-capabilities' content='ocr_page ocr_carea ocr_par ocr_line ocrx_word'/>
</head>
<body>
  <div class='ocr_page' id='page_1' title='image "./novaactaregiaes00uppsgoog_0242.png"; bbox 0 0 4984 6517; ppageno 0'>
   <div class='ocr_carea' id='block_1_1' title="bbox 1468 558 1635 645">
    <p class='ocr_par' dir='ltr' id='par_1_1' title="bbox 1468 558 1635 645">
     <span class='ocr_line' id='line_1_1' title="bbox 1468 558 1635 645; baseline -0.012 0"><span class='ocrx_word' id='word_1_1' title='bbox 1468 558 1635 645; x_wconf 79' lang='lat'><strong>226</strong></span> 
     </span>
    </p>
   </div>
   <div class='ocr_carea' id='block_1_2' title="bbox 1552 768 4573 992">
    <p class='ocr_par' dir='ltr' id='par_1_2' title="bbox 1552 768 4573 992">
     <span class='ocr_line' id='line_1_2' title="bbox 1558 768 4573 872; baseline 0 -24"><span class='ocrx_word' id='word_1_2' title='bbox 1558 772 1722 848; x_wconf 91' lang='lat' dir='ltr'><strong>loso</strong></span> <span class='ocrx_word' id='word_1_3' title='bbox 1768 769 2052 872; x_wconf 89' lang='lat' dir='ltr'><strong>aequali</strong></span> <span class='ocrx_word' id='word_1_4' title='bbox 2101 769 2390 872; x_wconf 90' lang='lat' dir='ltr'><strong>pallido,</strong></span> <span class='ocrx_word' id='word_1_5' title='bbox 2440 768 2742 847; x_wconf 89' lang='lat' dir='ltr'><strong>lamellis</strong></span> <span class='ocrx_word' id='word_1_6' title='bbox 2817 769 3094 848; x_wconf 88' lang='lat' dir='ltr'><strong>adnatis</strong></span> <span class='ocrx_word' id='word_1_7' title='bbox 3146 771 3364 850; x_wconf 91' lang='lat' dir='ltr'><strong>dente</strong></span> <span class='ocrx_word' id='word_1_8' title='bbox 3419 770 3971 848; x_wconf 79' lang='lat' dir='ltr'><strong>decurrentibus</strong></span> <span class='ocrx_word' id='word_1_9' title='bbox 4048 771 4471 849; x_wconf 90' lang='lat' dir='ltr'><strong>distantibus</strong></span> <span class='ocrx_word' id='word_1_10' title='bbox 4532 800 4573 849; x_wconf 87' lang='lat' dir='ltr'><strong>e</strong></span> 
     </span>
     <span class='ocr_line' id='line_1_3' title="bbox 1552 889 2366 992; baseline -0.001 -26"><span class='ocrx_word' id='word_1_11' title='bbox 1552 889 1817 992; x_wconf 88' lang='lat' dir='ltr'><strong>pallido</strong></span> <span class='ocrx_word' id='word_1_12' title='bbox 1873 889 2366 965; x_wconf 87' lang='lat' dir='ltr'><strong>cinnamomis.</strong></span> 
     </span>
    </p>
   </div>
   <div class='ocr_carea' id='block_1_3' title="bbox 1644 1034 2865 1113">
    <p class='ocr_par' dir='ltr' id='par_1_3' title="bbox 1644 1034 2865 1113">
     <span class='ocr_line' id='line_1_4' title="bbox 1644 1034 2865 1113; baseline 0 -2"><span class='ocrx_word' id='word_1_13' title='bbox 1644 1038 1725 1111; x_wconf 92' lang='lat' dir='ltr'><strong>In</strong></span> <span class='ocrx_word' id='word_1_14' title='bbox 1778 1035 2011 1113; x_wconf 91' lang='lat' dir='ltr'><strong>insula</strong></span> <span class='ocrx_word' id='word_1_15' title='bbox 2058 1037 2157 1112; x_wconf 88' lang='lat' dir='ltr'><strong>St.</strong></span> <span class='ocrx_word' id='word_1_16' title='bbox 2214 1034 2565 1113; x_wconf 89' lang='lat' dir='ltr'><strong>Thomae.</strong></span> <span class='ocrx_word' id='word_1_17' title='bbox 2616 1035 2865 1112; x_wconf 79' lang='lat' dir='ltr'><strong>Krobs.</strong></span> 
     </span>
    </p>
   </div>
   <div class='ocr_carea' id='block_1_4' title="bbox 1525 1184 4567 2471">
    <p class='ocr_par' dir='ltr' id='par_1_4' title="bbox 1525 1184 4567 2471">
     <span class='ocr_line' id='line_1_5' title="bbox 1651 1184 4567 1289; baseline -0.001 -28"><span class='ocrx_word' id='word_1_18' title='bbox 1651 1184 1944 1287; x_wconf 78' lang='lat' dir='ltr'><strong>Species</strong></span> <span class='ocrx_word' id='word_1_19' title='bbox 1993 1188 2174 1288; x_wconf 89' lang='lat' dir='ltr'><strong>pileo</strong></span> <span class='ocrx_word' id='word_1_20' title='bbox 2225 1187 2521 1287; x_wconf 88' lang='lat' dir='ltr'><strong>undique</strong></span> <span class='ocrx_word' id='word_1_21' title='bbox 2583 1199 2651 1261; x_wconf 91' lang='lat' dir='ltr'><strong>et</strong></span> <span class='ocrx_word' id='word_1_22' title='bbox 2702 1188 2912 1262; x_wconf 85' lang='lat' dir='ltr'><strong>dense</strong></span> <span class='ocrx_word' id='word_1_23' title='bbox 2962 1187 3318 1288; x_wconf 89' lang='lat' dir='ltr'><strong>papilloso‚</strong></span> <span class='ocrx_word' id='word_1_24' title='bbox 3368 1187 3633 1289; x_wconf 87' lang='lat' dir='ltr'><strong>papillis</strong></span> <span class='ocrx_word' id='word_1_25' title='bbox 3681 1213 3832 1259; x_wconf 88' lang='lat' dir='ltr'><strong>cum</strong></span> <span class='ocrx_word' id='word_1_26' title='bbox 3888 1186 4068 1287; x_wconf 90' lang='lat' dir='ltr'><strong>pileo</strong></span> <span class='ocrx_word' id='word_1_27' title='bbox 4122 1188 4391 1260; x_wconf 89' lang='lat' dir='ltr'><strong>omnino</strong></span> <span class='ocrx_word' id='word_1_28' title='bbox 4448 1186 4567 1259; x_wconf 89' lang='lat' dir='ltr'><strong>ho-</strong></span> 
     </span>
     <span class='ocr_line' id='line_1_6' title="bbox 1550 1303 4562 1409; baseline -0.001 -30"><span class='ocrx_word' id='word_1_29' title='bbox 1550 1307 1919 1406; x_wconf 87' lang='lat' dir='ltr'><strong>mogeneis,</strong></span> <span class='ocrx_word' id='word_1_30' title='bbox 1970 1319 2204 1409; x_wconf 86' lang='lat' dir='ltr'><strong>typum</strong></span> <span class='ocrx_word' id='word_1_31' title='bbox 2260 1308 2547 1407; x_wconf 86' lang='lat' dir='ltr'><strong>praebet</strong></span> <span class='ocrx_word' id='word_1_32' title='bbox 2619 1307 2706 1380; x_wconf 92' lang='lat' dir='ltr'><strong>ab</strong></span> <span class='ocrx_word' id='word_1_33' title='bbox 2788 1307 3097 1379; x_wconf 86' lang='lat' dir='ltr'><strong>omnibus</strong></span> <span class='ocrx_word' id='word_1_34' title='bbox 3178 1307 3354 1381; x_wconf 91' lang='lat' dir='ltr'><strong>clare</strong></span> <span class='ocrx_word' id='word_1_35' title='bbox 3425 1306 3782 1381; x_wconf 83' lang='lat' dir='ltr'><strong>diversum.</strong></span> <span class='ocrx_word' id='word_1_36' title='bbox 3890 1303 4283 1404; x_wconf 84' lang='lat' dir='ltr'><strong>Gregarius‚</strong></span> <span class='ocrx_word' id='word_1_37' title='bbox 4363 1307 4562 1378; x_wconf 90' lang='lat' dir='ltr'><strong>immo</strong></span> 
     </span>
     <span class='ocr_line' id='line_1_7' title="bbox 1549 1422 4567 1524; baseline -0.001 -25"><span class='ocrx_word' id='word_1_38' title='bbox 1549 1427 1992 1524; x_wconf 86' lang='lat' dir='ltr'><strong>caespitosus,</strong></span> <span class='ocrx_word' id='word_1_39' title='bbox 2041 1424 2268 1499; x_wconf 87' lang='lat' dir='ltr'><strong>habitu</strong></span> <span class='ocrx_word' id='word_1_40' title='bbox 2303 1424 2389 1497; x_wconf 89' lang='lat' dir='ltr'><strong>ad</strong></span> <span class='ocrx_word' id='word_1_41' title='bbox 2445 1426 2918 1497; x_wconf 71' lang='lat' dir='ltr'><strong>Maras-mium</strong></span> <span class='ocrx_word' id='word_1_42' title='bbox 2975 1425 3305 1498; x_wconf 75' lang='lat' dir='ltr'><strong>Oreadem</strong></span> <span class='ocrx_word' id='word_1_43' title='bbox 3360 1430 3429 1493; x_wconf 86' lang='lat' dir='ltr'><strong>et</strong></span> <span class='ocrx_word' id='word_1_44' title='bbox 3476 1423 3568 1495; x_wconf 89' lang='lat' dir='ltr'><strong>A.</strong></span> <span class='ocrx_word' id='word_1_45' title='bbox 3601 1425 3974 1524; x_wconf 75' lang='lat' dir='ltr'><strong>podiadem</strong></span> <span class='ocrx_word' id='word_1_46' title='bbox 4040 1422 4390 1510; x_wconf 76' lang='lat' dir='ltr'><strong>accedens,</strong></span> <span class='ocrx_word' id='word_1_47' title='bbox 4473 1425 4567 1496; x_wconf 89' lang='lat' dir='ltr'><strong>la·</strong></span> 
     </span>
     <span class='ocr_line' id='line_1_8' title="bbox 1541 1538 4563 1641; baseline 0 -25"><span class='ocrx_word' id='word_1_48' title='bbox 1541 1544 1755 1617; x_wconf 88' lang='lat' dir='ltr'><strong>mellis</strong></span> <span class='ocrx_word' id='word_1_49' title='bbox 1810 1569 1973 1617; x_wconf 87' lang='lat' dir='ltr'><strong>vero</strong></span> <span class='ocrx_word' id='word_1_50' title='bbox 2034 1542 2425 1617; x_wconf 87' lang='lat' dir='ltr'><strong>distantibus</strong></span> <span class='ocrx_word' id='word_1_51' title='bbox 2477 1569 2608 1617; x_wconf 90' lang='lat' dir='ltr'><strong>nec</strong></span> <span class='ocrx_word' id='word_1_52' title='bbox 2672 1543 3207 1618; x_wconf 81' lang='lat' dir='ltr'><strong>fuscescentibus</strong></span> <span class='ocrx_word' id='word_1_53' title='bbox 3280 1544 3557 1641; x_wconf 86' lang='lat' dir='ltr'><strong>insuper</strong></span> <span class='ocrx_word' id='word_1_54' title='bbox 3620 1542 3824 1641; x_wconf 90' lang='lat' dir='ltr'><strong>longe</strong></span> <span class='ocrx_word' id='word_1_55' title='bbox 3905 1541 4230 1616; x_wconf 85' lang='lat' dir='ltr'><strong>diversus.</strong></span> <span class='ocrx_word' id='word_1_56' title='bbox 4330 1538 4563 1641; x_wconf 83' lang='lat' dir='ltr'><strong>Stipes</strong></span> 
     </span>
     <span class='ocr_line' id='line_1_9' title="bbox 1549 1659 4560 1761; baseline -0.001 -26"><span class='ocrx_word' id='word_1_57' title='bbox 1549 1663 1707 1761; x_wconf 40' lang='lat'><strong>132</strong></span> <span class='ocrx_word' id='word_1_58' title='bbox 1759 1688 1908 1735; x_wconf 88' lang='lat' dir='ltr'><strong>unc.</strong></span> <span class='ocrx_word' id='word_1_59' title='bbox 1960 1661 2223 1761; x_wconf 86' lang='lat' dir='ltr'><strong>longus,</strong></span> <span class='ocrx_word' id='word_1_60' title='bbox 2303 1661 2428 1733; x_wconf 76' lang='lat'><strong>1-2</strong></span> <span class='ocrx_word' id='word_1_61' title='bbox 2476 1661 2583 1734; x_wconf 92' lang='lat' dir='ltr'><strong>lin.</strong></span> <span class='ocrx_word' id='word_1_62' title='bbox 2660 1688 2950 1748; x_wconf 80' lang='lat' dir='ltr'><strong>crassus,</strong></span> <span class='ocrx_word' id='word_1_63' title='bbox 3026 1673 3240 1750; x_wconf 83' lang='lat' dir='ltr'><strong>tenax,</strong></span> <span class='ocrx_word' id='word_1_64' title='bbox 3320 1660 3741 1734; x_wconf 85' lang='lat' dir='ltr'><strong>subfibrosus</strong></span> <span class='ocrx_word' id='word_1_65' title='bbox 3795 1673 4125 1760; x_wconf 82' lang='lat' dir='ltr'><strong>extusque</strong></span> <span class='ocrx_word' id='word_1_66' title='bbox 4188 1659 4560 1748; x_wconf 83' lang='lat' dir='ltr'><strong>fibrillosus,</strong></span> 
     </span>
     <span class='ocr_line' id='line_1_10' title="bbox 1533 1777 4557 1881; baseline -0.001 -29"><span class='ocrx_word' id='word_1_67' title='bbox 1533 1779 1838 1881; x_wconf 90' lang='lat' dir='ltr'><strong>pallidus.</strong></span> <span class='ocrx_word' id='word_1_68' title='bbox 1938 1777 2172 1853; x_wconf 79' lang='lat' dir='ltr'><strong>Pileus</strong></span> <span class='ocrx_word' id='word_1_69' title='bbox 2224 1781 2418 1852; x_wconf 91' lang='lat' dir='ltr'><strong>etiam</strong></span> <span class='ocrx_word' id='word_1_70' title='bbox 2469 1782 2689 1878; x_wconf 90' lang='lat' dir='ltr'><strong>junior</strong></span> <span class='ocrx_word' id='word_1_71' title='bbox 2733 1778 2997 1856; x_wconf 86' lang='lat' dir='ltr'><strong>videtur</strong></span> <span class='ocrx_word' id='word_1_72' title='bbox 3049 1780 3309 1879; x_wconf 89' lang='lat' dir='ltr'><strong>planus,</strong></span> <span class='ocrx_word' id='word_1_73' title='bbox 3361 1779 3551 1852; x_wconf 89' lang='lat' dir='ltr'><strong>disco</strong></span> <span class='ocrx_word' id='word_1_74' title='bbox 3607 1803 3950 1864; x_wconf 84' lang='lat' dir='ltr'><strong>carnosus,</strong></span> <span class='ocrx_word' id='word_1_75' title='bbox 4025 1803 4264 1852; x_wconf 80' lang='lat' dir='ltr'><strong>versus</strong></span> <span class='ocrx_word' id='word_1_76' title='bbox 4318 1781 4557 1878; x_wconf 80' lang='lat' dir='ltr'><strong>margi-</strong></span> 
     </span>
     <span class='ocr_line' id='line_1_11' title="bbox 1533 1897 4556 1998; baseline -0.001 -27"><span class='ocrx_word' id='word_1_77' title='bbox 1533 1926 1688 1971; x_wconf 87' lang='lat' dir='ltr'><strong>nem</strong></span> <span class='ocrx_word' id='word_1_78' title='bbox 1737 1924 1903 1971; x_wconf 82' lang='lat' dir='ltr'><strong>vero</strong></span> <span class='ocrx_word' id='word_1_79' title='bbox 1956 1898 2506 1972; x_wconf 87' lang='lat' dir='ltr'><strong>membranaceus</strong></span> <span class='ocrx_word' id='word_1_80' title='bbox 2554 1897 2961 1998; x_wconf 89' lang='lat' dir='ltr'><strong>demumque</strong></span> <span class='ocrx_word' id='word_1_81' title='bbox 3012 1898 3367 1986; x_wconf 79' lang='lat' dir='ltr'><strong>striatulus,</strong></span> <span class='ocrx_word' id='word_1_82' title='bbox 3429 1898 3554 1970; x_wconf 77' lang='lat'><strong>1-2</strong></span> <span class='ocrx_word' id='word_1_83' title='bbox 3607 1923 3758 1971; x_wconf 91' lang='lat' dir='ltr'><strong>unc.</strong></span> <span class='ocrx_word' id='word_1_84' title='bbox 3814 1897 4005 1982; x_wconf 89' lang='lat' dir='ltr'><strong>latus,</strong></span> <span class='ocrx_word' id='word_1_85' title='bbox 4073 1897 4556 1983; x_wconf 82' lang='lat' dir='ltr'><strong>obtusissimus,</strong></span> 
     </span>
     <span class='ocr_line' id='line_1_12' title="bbox 1532 2011 4555 2112; baseline 0 -24"><span class='ocrx_word' id='word_1_86' title='bbox 1532 2018 1743 2089; x_wconf 91' lang='lat' dir='ltr'><strong>albus.</strong></span> <span class='ocrx_word' id='word_1_87' title='bbox 1819 2012 2162 2090; x_wconf 88' lang='lat' dir='ltr'><strong>Lamellae</strong></span> <span class='ocrx_word' id='word_1_88' title='bbox 2193 2015 2659 2104; x_wconf 84' lang='lat' dir='ltr'><strong>horizontales,</strong></span> <span class='ocrx_word' id='word_1_89' title='bbox 2706 2026 2887 2089; x_wconf 90' lang='lat' dir='ltr'><strong>totae</strong></span> <span class='ocrx_word' id='word_1_90' title='bbox 2914 2014 3217 2104; x_wconf 78' lang='lat' dir='ltr'><strong>adnatae,</strong></span> <span class='ocrx_word' id='word_1_91' title='bbox 3266 2016 3457 2103; x_wconf 87' lang='lat' dir='ltr'><strong>latae,</strong></span> <span class='ocrx_word' id='word_1_92' title='bbox 3504 2011 3869 2088; x_wconf 84' lang='lat' dir='ltr'><strong>admodum</strong></span> <span class='ocrx_word' id='word_1_93' title='bbox 3899 2014 4239 2100; x_wconf 79' lang='lat' dir='ltr'><strong>distantes,</strong></span> <span class='ocrx_word' id='word_1_94' title='bbox 4264 2017 4555 2112; x_wconf 84' lang='lat' dir='ltr'><strong>juniores</strong></span> 
     </span>
     <span class='ocr_line' id='line_1_13' title="bbox 1531 2132 4556 2235; baseline 0 -28"><span class='ocrx_word' id='word_1_95' title='bbox 1531 2133 1836 2235; x_wconf 85' lang='lat' dir='ltr'><strong>pallidae,</strong></span> <span class='ocrx_word' id='word_1_96' title='bbox 1889 2133 2043 2209; x_wconf 90' lang='lat' dir='ltr'><strong>dein</strong></span> <span class='ocrx_word' id='word_1_97' title='bbox 2092 2137 2609 2208; x_wconf 90' lang='lat' dir='ltr'><strong>cinnamomeae.</strong></span> <span class='ocrx_word' id='word_1_98' title='bbox 2664 2175 2759 2218; x_wconf 73' lang='lat'>·-‚-</span> <span class='ocrx_word' id='word_1_99' title='bbox 2809 2132 3105 2208; x_wconf 86' lang='lat' dir='ltr'><strong>Multum</strong></span> <span class='ocrx_word' id='word_1_100' title='bbox 3154 2137 3380 2222; x_wconf 87' lang='lat' dir='ltr'><strong>variat,</strong></span> <span class='ocrx_word' id='word_1_101' title='bbox 3430 2147 3504 2207; x_wconf 88' lang='lat' dir='ltr'><strong>ut</strong></span> <span class='ocrx_word' id='word_1_102' title='bbox 3554 2133 3729 2207; x_wconf 89' lang='lat' dir='ltr'><strong>duae</strong></span> <span class='ocrx_word' id='word_1_103' title='bbox 3804 2132 3995 2207; x_wconf 85' lang='lat' dir='ltr'><strong>facile</strong></span> <span class='ocrx_word' id='word_1_104' title='bbox 4076 2132 4556 2231; x_wconf 85' lang='lat' dir='ltr'><strong>distinguantur</strong></span> 
     </span>
     <span class='ocr_line' id='line_1_14' title="bbox 1529 2251 4553 2352; baseline -0.001 -27"><span class='ocrx_word' id='word_1_105' title='bbox 1529 2255 1903 2341; x_wconf 83' lang='lat' dir='ltr'><strong>varietates,</strong></span> <span class='ocrx_word' id='word_1_106' title='bbox 1967 2253 2167 2327; x_wconf 89' lang='lat' dir='ltr'><strong>altera</strong></span> <span class='ocrx_word' id='word_1_107' title='bbox 2221 2252 2535 2327; x_wconf 89' lang='lat' dir='ltr'><strong>diminuta</strong></span> <span class='ocrx_word' id='word_1_108' title='bbox 2587 2264 2834 2327; x_wconf 87' lang='lat' dir='ltr'><strong>statura</strong></span> <span class='ocrx_word' id='word_1_109' title='bbox 2886 2253 2977 2326; x_wconf 90' lang='lat' dir='ltr'><strong>A.</strong></span> <span class='ocrx_word' id='word_1_110' title='bbox 3026 2262 3368 2352; x_wconf 74' lang='lat' dir='ltr'><strong>myosuri;</strong></span> <span class='ocrx_word' id='word_1_111' title='bbox 3435 2251 3635 2325; x_wconf 85' lang='lat' dir='ltr'><strong>altera</strong></span> <span class='ocrx_word' id='word_1_112' title='bbox 3701 2252 3882 2352; x_wconf 91' lang='lat' dir='ltr'><strong>pileo</strong></span> <span class='ocrx_word' id='word_1_113' title='bbox 3936 2277 4243 2325; x_wconf 83' lang='lat' dir='ltr'><strong>convexo</strong></span> <span class='ocrx_word' id='word_1_114' title='bbox 4296 2252 4553 2349; x_wconf 87' lang='lat' dir='ltr'><strong>irregu-</strong></span> 
     </span>
     <span class='ocr_line' id='line_1_15' title="bbox 1525 2369 4402 2471; baseline -0 -27"><span class='ocrx_word' id='word_1_115' title='bbox 1525 2372 1665 2462; x_wconf 84' lang='lat' dir='ltr'><strong>lari,</strong></span> <span class='ocrx_word' id='word_1_116' title='bbox 1714 2369 1838 2446; x_wconf 84' lang='lat' dir='ltr'><strong>sed</strong></span> <span class='ocrx_word' id='word_1_117' title='bbox 1895 2372 2237 2446; x_wconf 85' lang='lat' dir='ltr'><strong>coloribus</strong></span> <span class='ocrx_word' id='word_1_118' title='bbox 2287 2383 2357 2446; x_wconf 90' lang='lat' dir='ltr'><strong>et</strong></span> <span class='ocrx_word' id='word_1_119' title='bbox 2397 2371 2561 2471; x_wconf 88' lang='lat' dir='ltr'><strong>pilei</strong></span> <span class='ocrx_word' id='word_1_120' title='bbox 2604 2371 2992 2445; x_wconf 90' lang='lat' dir='ltr'><strong>indumento</strong></span> <span class='ocrx_word' id='word_1_121' title='bbox 3038 2370 3125 2444; x_wconf 90' lang='lat' dir='ltr'><strong>ad</strong></span> <span class='ocrx_word' id='word_1_122' title='bbox 3174 2370 3349 2444; x_wconf 88' lang='lat' dir='ltr'><strong>hanc</strong></span> <span class='ocrx_word' id='word_1_123' title='bbox 3399 2372 3702 2469; x_wconf 83' lang='lat' dir='ltr'><strong>speciem</strong></span> <span class='ocrx_word' id='word_1_124' title='bbox 3754 2382 3936 2445; x_wconf 82' lang='lat' dir='ltr'><strong>certe</strong></span> <span class='ocrx_word' id='word_1_125' title='bbox 3986 2369 4402 2446; x_wconf 81' lang='lat' dir='ltr'><strong>referendae.</strong></span> 
     </span>
    </p>
   </div>
   <div class='ocr_carea' id='block_1_5' title="bbox 1327 2549 4548 2896">
    <p class='ocr_par' dir='ltr' id='par_1_5' title="bbox 1327 2549 4548 2896">
     <span class='ocr_line' id='line_1_16' title="bbox 1327 2549 4548 2658; baseline -0.001 -30"><span class='ocrx_word' id='word_1_126' title='bbox 1327 2555 1394 2630; x_wconf 77' lang='lat'><strong>2.</strong></span> <span class='ocrx_word' id='word_1_127' title='bbox 1523 2557 1930 2633; x_wconf 70' lang='lat' dir='ltr'><strong>Acamcus</strong></span> <span class='ocrx_word' id='word_1_128' title='bbox 1982 2557 2382 2658; x_wconf 58' lang='lat' dir='ltr'><strong>(Gutus)</strong></span> <span class='ocrx_word' id='word_1_129' title='bbox 2442 2577 3030 2638; x_wconf 62' lang='lat' dir='ltr'><strong>mmouasns,</strong></span> <span class='ocrx_word' id='word_1_130' title='bbox 3105 2552 3302 2656; x_wconf 89' lang='lat' dir='ltr'><strong>pileo</strong></span> <span class='ocrx_word' id='word_1_131' title='bbox 3385 2550 3949 2628; x_wconf 85' lang='lat' dir='ltr'><strong>membranaceo</strong></span> <span class='ocrx_word' id='word_1_132' title='bbox 4021 2577 4065 2627; x_wconf 91' lang='lat' dir='ltr'><strong>e</strong></span> <span class='ocrx_word' id='word_1_133' title='bbox 4143 2549 4548 2653; x_wconf 86' lang='lat' dir='ltr'><strong>cylindrico</strong></span> 
     </span>
     <span class='ocr_line' id='line_1_17' title="bbox 1526 2670 4542 2775; baseline -0.001 -27"><span class='ocrx_word' id='word_1_134' title='bbox 1526 2671 1887 2762; x_wconf 89' lang='lat' dir='ltr'><strong>coriace0,</strong></span> <span class='ocrx_word' id='word_1_135' title='bbox 1933 2672 2258 2750; x_wconf 90' lang='lat' dir='ltr'><strong>umbone</strong></span> <span class='ocrx_word' id='word_1_136' title='bbox 2310 2673 2607 2750; x_wconf 89' lang='lat' dir='ltr'><strong>centrali</strong></span> <span class='ocrx_word' id='word_1_137' title='bbox 2657 2672 2924 2749; x_wconf 90' lang='lat' dir='ltr'><strong>obtuso</strong></span> <span class='ocrx_word' id='word_1_138' title='bbox 2978 2671 3369 2748; x_wconf 88' lang='lat' dir='ltr'><strong>orbiculari</strong></span> <span class='ocrx_word' id='word_1_139' title='bbox 3412 2672 3890 2773; x_wconf 87' lang='lat' dir='ltr'><strong>prominente,</strong></span> <span class='ocrx_word' id='word_1_140' title='bbox 3943 2670 4325 2775; x_wconf 86' lang='lat' dir='ltr'><strong>stipiteque</strong></span> <span class='ocrx_word' id='word_1_141' title='bbox 4370 2696 4542 2747; x_wconf 86' lang='lat' dir='ltr'><strong>cavo</strong></span> 
     </span>
     <span class='ocr_line' id='line_1_18' title="bbox 1523 2787 4546 2896; baseline 0 -31"><span class='ocrx_word' id='word_1_142' title='bbox 1523 2790 2184 2868; x_wconf 86' lang='lat' dir='ltr'><strong>conico-attenuato</strong></span> <span class='ocrx_word' id='word_1_143' title='bbox 2231 2791 2502 2896; x_wconf 85' lang='lat' dir='ltr'><strong>glabris</strong></span> <span class='ocrx_word' id='word_1_144' title='bbox 2566 2790 2869 2895; x_wconf 87' lang='lat' dir='ltr'><strong>pallidis,</strong></span> <span class='ocrx_word' id='word_1_145' title='bbox 2931 2788 3233 2867; x_wconf 89' lang='lat' dir='ltr'><strong>lamellis</strong></span> <span class='ocrx_word' id='word_1_146' title='bbox 3275 2789 3520 2866; x_wconf 89' lang='lat' dir='ltr'><strong>liberis</strong></span> <span class='ocrx_word' id='word_1_147' title='bbox 3601 2787 4149 2877; x_wconf 77' lang='lat' dir='ltr'><strong>sublinearibuS,</strong></span> <span class='ocrx_word' id='word_1_148' title='bbox 4219 2789 4546 2891; x_wconf 90' lang='lat' dir='ltr'><strong>primitus</strong></span> 
     </span>
    </p>
   </div>
   <div class='ocr_carea' id='block_1_6' title="bbox 1518 2906 2900 3128">
    <p class='ocr_par' dir='ltr' id='par_1_6' title="bbox 1518 2906 2900 3128">
     <span class='ocr_line' id='line_1_19' title="bbox 1518 2906 2701 2996; baseline 0.003 -12"><span class='ocrx_word' id='word_1_149' title='bbox 1518 2906 2094 2986; x_wconf 89' lang='lat' dir='ltr'><strong>cohaerentibus.</strong></span> <span class='ocrx_word' id='word_1_150' title='bbox 2692 2991 2701 2996; x_wconf 74' lang='grc'>,</span> 
     </span>
     <span class='ocr_line' id='line_1_20' title="bbox 1624 3047 2900 3128; baseline -0.002 0"><span class='ocrx_word' id='word_1_151' title='bbox 1624 3052 1710 3127; x_wconf 86' lang='grc' dir='ltr'><strong>Ιιι</strong></span> <span class='ocrx_word' id='word_1_152' title='bbox 1751 3050 1987 3128; x_wconf 88' lang='lat' dir='ltr'><strong>insula</strong></span> <span class='ocrx_word' id='word_1_153' title='bbox 2037 3052 2135 3127; x_wconf 90' lang='lat' dir='ltr'><strong>St.</strong></span> <span class='ocrx_word' id='word_1_154' title='bbox 2192 3047 2548 3126; x_wconf 88' lang='lat' dir='ltr'><strong>Thomae.</strong></span> <span class='ocrx_word' id='word_1_155' title='bbox 2653 3049 2900 3127; x_wconf 75' lang='lat' dir='ltr'><strong>Krobs.</strong></span> 
     </span>
    </p>
   </div>
   <div class='ocr_carea' id='block_1_7' title="bbox 1305 3192 4539 4243">
    <p class='ocr_par' dir='ltr' id='par_1_7' title="bbox 1511 3192 4539 3531">
     <span class='ocr_line' id='line_1_21' title="bbox 1611 3192 4539 3297; baseline 0.002 -31"><span class='ocrx_word' id='word_1_156' title='bbox 1611 3192 1837 3268; x_wconf 90' lang='lat' dir='ltr'><strong>Etiam</strong></span> <span class='ocrx_word' id='word_1_157' title='bbox 1886 3194 2059 3270; x_wconf 88' lang='lat' dir='ltr'><strong>haec</strong></span> <span class='ocrx_word' id='word_1_158' title='bbox 2107 3195 2377 3293; x_wconf 82' lang='lat' dir='ltr'><strong>species</strong></span> <span class='ocrx_word' id='word_1_159' title='bbox 2429 3207 2665 3297; x_wconf 81' lang='lat' dir='ltr'><strong>typum</strong></span> <span class='ocrx_word' id='word_1_160' title='bbox 2719 3197 2988 3269; x_wconf 90' lang='lat' dir='ltr'><strong>omnino</strong></span> <span class='ocrx_word' id='word_1_161' title='bbox 3040 3221 3289 3269; x_wconf 87' lang='lat' dir='ltr'><strong>novum</strong></span> <span class='ocrx_word' id='word_1_162' title='bbox 3338 3195 3642 3294; x_wconf 81' lang='lat' dir='ltr'><strong>praebet,</strong></span> <span class='ocrx_word' id='word_1_163' title='bbox 3684 3194 3961 3268; x_wconf 86' lang='lat' dir='ltr'><strong>lamellis</strong></span> <span class='ocrx_word' id='word_1_164' title='bbox 4013 3196 4321 3294; x_wconf 87' lang='lat' dir='ltr'><strong>primitus</strong></span> <span class='ocrx_word' id='word_1_165' title='bbox 4353 3222 4539 3273; x_wconf 86' lang='lat' dir='ltr'><strong>more</strong></span> 
     </span>
     <span class='ocr_line' id='line_1_22' title="bbox 1515 3310 4537 3415; baseline 0.001 -29"><span class='ocrx_word' id='word_1_166' title='bbox 1515 3310 1969 3413; x_wconf 88' lang='lat' dir='ltr'><strong>Coprinorum</strong></span> <span class='ocrx_word' id='word_1_167' title='bbox 2025 3311 2822 3413; x_wconf 82' lang='lat' dir='ltr'><strong>stipato-cohaerentibus</strong></span> <span class='ocrx_word' id='word_1_168' title='bbox 2871 3326 2940 3388; x_wconf 88' lang='lat' dir='ltr'><strong>et</strong></span> <span class='ocrx_word' id='word_1_169' title='bbox 3000 3316 3308 3415; x_wconf 84' lang='lat' dir='ltr'><strong>crispatis</strong></span> <span class='ocrx_word' id='word_1_170' title='bbox 3386 3341 3424 3386; x_wconf 99' lang='lat' dir='ltr'><strong>a</strong></span> <span class='ocrx_word' id='word_1_171' title='bbox 3495 3338 3748 3413; x_wconf 77' lang='lat' dir='ltr'><strong>genere</strong></span> <span class='ocrx_word' id='word_1_172' title='bbox 3818 3311 4204 3388; x_wconf 86' lang='lat' dir='ltr'><strong>deflectens.</strong></span> <span class='ocrx_word' id='word_1_173' title='bbox 4311 3312 4537 3415; x_wconf 79' lang='lat' dir='ltr'><strong>Stipes</strong></span> 
     </span>
     <span class='ocr_line' id='line_1_23' title="bbox 1511 3431 4534 3531; baseline 0.001 -26"><span class='ocrx_word' id='word_1_174' title='bbox 1511 3457 1737 3519; x_wconf 83' lang='lat' dir='ltr'><strong>cavus,</strong></span> <span class='ocrx_word' id='word_1_175' title='bbox 1784 3432 2031 3521; x_wconf 85' lang='lat' dir='ltr'><strong>firmus,</strong></span> <span class='ocrx_word' id='word_1_176' title='bbox 2081 3432 2300 3531; x_wconf 89' lang='lat' dir='ltr'><strong>primo</strong></span> <span class='ocrx_word' id='word_1_177' title='bbox 2352 3442 2580 3505; x_wconf 85' lang='lat' dir='ltr'><strong>curtus</strong></span> <span class='ocrx_word' id='word_1_178' title='bbox 2628 3435 2941 3521; x_wconf 89' lang='lat' dir='ltr'><strong>conicus,</strong></span> <span class='ocrx_word' id='word_1_179' title='bbox 2997 3431 3151 3507; x_wconf 90' lang='lat' dir='ltr'><strong>dein</strong></span> <span class='ocrx_word' id='word_1_180' title='bbox 3202 3433 3553 3531; x_wconf 83' lang='lat' dir='ltr'><strong>elongatus</strong></span> <span class='ocrx_word' id='word_1_181' title='bbox 3607 3431 4132 3531; x_wconf 74' lang='lat' dir='ltr'><strong>sesquiuncialis,</strong></span> <span class='ocrx_word' id='word_1_182' title='bbox 4204 3434 4357 3507; x_wconf 84' lang='lat' dir='ltr'><strong>basi</strong></span> <span class='ocrx_word' id='word_1_183' title='bbox 4409 3434 4534 3507; x_wconf 86' lang='grc'><strong>3-5</strong></span> 
     </span>
    </p>

    <p class='ocr_par' dir='ltr' id='par_1_8' title="bbox 1305 3548 4535 4243">
     <span class='ocr_line' id='line_1_24' title="bbox 1305 3548 4535 3651; baseline 0.002 -29"><span class='ocrx_word' id='word_1_184' title='bbox 1305 3637 1312 3650; x_wconf 23' lang='lat' dir='ltr'><strong>p</strong></span> <span class='ocrx_word' id='word_1_185' title='bbox 1475 3550 1647 3636; x_wconf 66' lang='lat' dir='ltr'><strong>lin„</strong></span> <span class='ocrx_word' id='word_1_186' title='bbox 1723 3553 1916 3649; x_wconf 85' lang='lat' dir='ltr'><strong>apice</strong></span> <span class='ocrx_word' id='word_1_187' title='bbox 1988 3550 2037 3622; x_wconf 80' lang='lat'><strong>2</strong></span> <span class='ocrx_word' id='word_1_188' title='bbox 2110 3551 2219 3623; x_wconf 91' lang='lat' dir='ltr'><strong>lin.</strong></span> <span class='ocrx_word' id='word_1_189' title='bbox 2285 3574 2574 3637; x_wconf 84' lang='lat' dir='ltr'><strong>crassus,</strong></span> <span class='ocrx_word' id='word_1_190' title='bbox 2621 3551 2876 3651; x_wconf 88' lang='lat' dir='ltr'><strong>glaber,</strong></span> <span class='ocrx_word' id='word_1_191' title='bbox 2950 3550 3252 3651; x_wconf 89' lang='lat' dir='ltr'><strong>pallidus.</strong></span> <span class='ocrx_word' id='word_1_192' title='bbox 3356 3548 3620 3651; x_wconf 87' lang='lat' dir='ltr'><strong>Stipitis</strong></span> <span class='ocrx_word' id='word_1_193' title='bbox 3670 3575 3849 3650; x_wconf 85' lang='lat' dir='ltr'><strong>apex</strong></span> <span class='ocrx_word' id='word_1_194' title='bbox 3896 3553 4188 3624; x_wconf 82' lang='lat' dir='ltr'><strong>excurrit</strong></span> <span class='ocrx_word' id='word_1_195' title='bbox 4233 3551 4299 3623; x_wconf 92' lang='lat' dir='ltr'><strong>in</strong></span> <span class='ocrx_word' id='word_1_196' title='bbox 4383 3552 4535 3651; x_wconf 88' lang='lat' dir='ltr'><strong>pilei</strong></span> 
     </span>
     <span class='ocr_line' id='line_1_25' title="bbox 1508 3667 4533 3770; baseline 0.001 -28"><span class='ocrx_word' id='word_1_197' title='bbox 1508 3693 1860 3742; x_wconf 88' lang='lat' dir='ltr'><strong>mammam</strong></span> <span class='ocrx_word' id='word_1_198' title='bbox 1944 3669 2387 3743; x_wconf 85' lang='lat' dir='ltr'><strong>orbicularem</strong></span> <span class='ocrx_word' id='word_1_199' title='bbox 2474 3669 2810 3745; x_wconf 86' lang='lat' dir='ltr'><strong>definitam</strong></span> <span class='ocrx_word' id='word_1_200' title='bbox 2882 3682 2951 3743; x_wconf 90' lang='lat' dir='ltr'><strong>et</strong></span> <span class='ocrx_word' id='word_1_201' title='bbox 3026 3670 3230 3769; x_wconf 88' lang='lat' dir='ltr'><strong>vulgo</strong></span> <span class='ocrx_word' id='word_1_202' title='bbox 3311 3667 3675 3742; x_wconf 87' lang='lat' dir='ltr'><strong>admodum</strong></span> <span class='ocrx_word' id='word_1_203' title='bbox 3746 3672 4256 3770; x_wconf 87' lang='lat' dir='ltr'><strong>prominentem,</strong></span> <span class='ocrx_word' id='word_1_204' title='bbox 4343 3674 4533 3768; x_wconf 77' lang='lat' dir='ltr'><strong>cujus</strong></span> 
     </span>
     <span class='ocr_line' id='line_1_26' title="bbox 1507 3786 4531 3889; baseline 0.002 -30"><span class='ocrx_word' id='word_1_205' title='bbox 1507 3788 1914 3886; x_wconf 82' lang='lat' dir='ltr'><strong>marginibus</strong></span> <span class='ocrx_word' id='word_1_206' title='bbox 1972 3786 2229 3861; x_wconf 81' lang='lat' dir='ltr'><strong>adfixus</strong></span> <span class='ocrx_word' id='word_1_207' title='bbox 2283 3787 2504 3887; x_wconf 87' lang='lat' dir='ltr'><strong>pileus</strong></span> <span class='ocrx_word' id='word_1_208' title='bbox 2584 3790 2853 3862; x_wconf 90' lang='lat' dir='ltr'><strong>omnino</strong></span> <span class='ocrx_word' id='word_1_209' title='bbox 2927 3789 3510 3875; x_wconf 78' lang='lat' dir='ltr'><strong>membranaceus,</strong></span> <span class='ocrx_word' id='word_1_210' title='bbox 3578 3789 3798 3887; x_wconf 90' lang='lat' dir='ltr'><strong>primo</strong></span> <span class='ocrx_word' id='word_1_211' title='bbox 3877 3787 4301 3889; x_wconf 83' lang='lat' dir='ltr'><strong>cylindricus‚</strong></span> <span class='ocrx_word' id='word_1_212' title='bbox 4382 3788 4531 3864; x_wconf 82' lang='lat' dir='ltr'><strong>dein</strong></span> 
     </span>
     <span class='ocr_line' id='line_1_27' title="bbox 1508 3905 4530 4007; baseline 0.001 -29"><span class='ocrx_word' id='word_1_213' title='bbox 1508 3906 1805 3992; x_wconf 75' lang='lat' dir='ltr'><strong>comeus,</strong></span> <span class='ocrx_word' id='word_1_214' title='bbox 1859 3907 2013 4004; x_wconf 59' lang='lat'><strong>{¹5⁶4}</strong></span> <span class='ocrx_word' id='word_1_215' title='bbox 2060 3930 2212 3978; x_wconf 90' lang='lat' dir='ltr'><strong>unc.</strong></span> <span class='ocrx_word' id='word_1_216' title='bbox 2264 3906 2453 3994; x_wconf 85' lang='lat' dir='ltr'><strong>altus,</strong></span> <span class='ocrx_word' id='word_1_217' title='bbox 2501 3906 2731 3996; x_wconf 85' lang='lat' dir='ltr'><strong>laevis,</strong></span> <span class='ocrx_word' id='word_1_218' title='bbox 2799 3905 3260 4005; x_wconf 87' lang='lat' dir='ltr'><strong>glaberrimus‚</strong></span> <span class='ocrx_word' id='word_1_219' title='bbox 3330 3906 3635 4007; x_wconf 86' lang='lat' dir='ltr'><strong>pallidus,</strong></span> <span class='ocrx_word' id='word_1_220' title='bbox 3706 3907 4004 4005; x_wconf 85' lang='lat' dir='ltr'><strong>margine</strong></span> <span class='ocrx_word' id='word_1_221' title='bbox 4080 3918 4272 3980; x_wconf 91' lang='lat' dir='ltr'><strong>recto</strong></span> <span class='ocrx_word' id='word_1_222' title='bbox 4328 3908 4530 4007; x_wconf 86' lang='lat' dir='ltr'><strong>stipiti</strong></span> 
     </span>
     <span class='ocr_line' id='line_1_28' title="bbox 1500 4019 4525 4124; baseline 0.002 -29"><span class='ocrx_word' id='word_1_223' title='bbox 1500 4022 1887 4123; x_wconf 83' lang='lat' dir='ltr'><strong>adpressus.</strong></span> <span class='ocrx_word' id='word_1_224' title='bbox 1989 4019 2332 4099; x_wconf 80' lang='lat' dir='ltr'><strong>Lemellae</strong></span> <span class='ocrx_word' id='word_1_225' title='bbox 2383 4024 2635 4098; x_wconf 89' lang='lat' dir='ltr'><strong>liberae</strong></span> <span class='ocrx_word' id='word_1_226' title='bbox 2686 4036 2755 4099; x_wconf 93' lang='lat' dir='ltr'><strong>et</strong></span> <span class='ocrx_word' id='word_1_227' title='bbox 2827 4050 2865 4097; x_wconf 93' lang='lat' dir='ltr'><strong>a</strong></span> <span class='ocrx_word' id='word_1_228' title='bbox 2940 4024 3162 4123; x_wconf 88' lang='lat' dir='ltr'><strong>stipite</strong></span> <span class='ocrx_word' id='word_1_229' title='bbox 3233 4050 3516 4124; x_wconf 87' lang='lat' dir='ltr'><strong>prorsus</strong></span> <span class='ocrx_word' id='word_1_230' title='bbox 3587 4023 3937 4112; x_wconf 87' lang='lat' dir='ltr'><strong>discretae,</strong></span> <span class='ocrx_word' id='word_1_231' title='bbox 4014 4023 4525 4112; x_wconf 81' lang='lat' dir='ltr'><strong>adscendentes,</strong></span> 
     </span>
     <span class='ocr_line' id='line_1_29' title="bbox 1501 4140 4523 4243; baseline 0.002 -30"><span class='ocrx_word' id='word_1_232' title='bbox 1501 4142 1984 4241; x_wconf 83' lang='lat' dir='ltr'><strong>stipatissimae,</strong></span> <span class='ocrx_word' id='word_1_233' title='bbox 2028 4145 2324 4243; x_wconf 84' lang='lat' dir='ltr'><strong>crispae,</strong></span> <span class='ocrx_word' id='word_1_234' title='bbox 2370 4154 2816 4243; x_wconf 84' lang='lat' dir='ltr'><strong>peraugustae</strong></span> <span class='ocrx_word' id='word_1_235' title='bbox 2853 4141 2980 4217; x_wconf 82' lang='lat' dir='ltr'><strong>sed</strong></span> <span class='ocrx_word' id='word_1_236' title='bbox 3030 4145 3338 4243; x_wconf 85' lang='lat' dir='ltr'><strong>utrinque</strong></span> <span class='ocrx_word' id='word_1_237' title='bbox 3387 4144 3816 4217; x_wconf 85' lang='lat' dir='ltr'><strong>acuminatae.</strong></span> <span class='ocrx_word' id='word_1_238' title='bbox 3918 4140 4190 4243; x_wconf 88' lang='lat' dir='ltr'><strong>Sporae</strong></span> <span class='ocrx_word' id='word_1_239' title='bbox 4236 4145 4523 4220; x_wconf 83' lang='lat' dir='ltr'><strong>ocbreo·</strong></span> 
     </span>
    </p>
   </div>
   <div class='ocr_carea' id='block_1_8' title="bbox 1496 4257 1933 4357">
    <p class='ocr_par' dir='ltr' id='par_1_9' title="bbox 1496 4257 1933 4357">
     <span class='ocr_line' id='line_1_30' title="bbox 1496 4257 1933 4357; baseline 0.005 -25"><span class='ocrx_word' id='word_1_240' title='bbox 1496 4257 1933 4357; x_wconf 84' lang='lat' dir='ltr'><strong>ferrugineae.</strong></span> 
     </span>
    </p>
   </div>
   <div class='ocr_carea' id='block_1_9' title="bbox 1299 4409 4518 4750">
    <p class='ocr_par' dir='ltr' id='par_1_10' title="bbox 1299 4409 4518 4750">
     <span class='ocr_line' id='line_1_31' title="bbox 1299 4409 4514 4513; baseline 0.002 -30"><span class='ocrx_word' id='word_1_241' title='bbox 1299 4409 1366 4484; x_wconf 91' lang='grc'><strong>3.</strong></span> <span class='ocrx_word' id='word_1_242' title='bbox 1490 4409 1872 4488; x_wconf 64' lang='lat' dir='ltr'><strong>Lam-mus</strong></span> <span class='ocrx_word' id='word_1_243' title='bbox 1924 4411 2616 4511; x_wconf 70' lang='lat' dir='ltr'><strong>(Gonnoconom.)</strong></span> <span class='ocrx_word' id='word_1_244' title='bbox 2664 4433 3100 4498; x_wconf 70' lang='lat' dir='ltr'><strong>mannus,</strong></span> <span class='ocrx_word' id='word_1_245' title='bbox 3168 4410 3364 4513; x_wconf 86' lang='lat' dir='ltr'><strong>pileo</strong></span> <span class='ocrx_word' id='word_1_246' title='bbox 3424 4411 4132 4490; x_wconf 77' lang='lat' dir='ltr'><strong>sabmembranaceo</strong></span> <span class='ocrx_word' id='word_1_247' title='bbox 4207 4411 4514 4490; x_wconf 88' lang='lat' dir='ltr'><strong>flaccido</strong></span> 
     </span>
     <span class='ocr_line' id='line_1_32' title="bbox 1488 4526 4518 4634; baseline 0.002 -32"><span class='ocrx_word' id='word_1_248' title='bbox 1488 4526 1851 4629; x_wconf 80' lang='lat' dir='ltr'><strong>profunde</strong></span> <span class='ocrx_word' id='word_1_249' title='bbox 1897 4527 2313 4605; x_wconf 87' lang='lat' dir='ltr'><strong>umbilicato</strong></span> <span class='ocrx_word' id='word_1_250' title='bbox 2389 4526 3176 4605; x_wconf 83' lang='lat' dir='ltr'><strong>subinfundibuliformi</strong></span> <span class='ocrx_word' id='word_1_251' title='bbox 3248 4528 3436 4606; x_wconf 88' lang='lat' dir='ltr'><strong>laevi</strong></span> <span class='ocrx_word' id='word_1_252' title='bbox 3487 4530 3743 4634; x_wconf 72' lang='lat' dir='ltr'><strong>glabro</strong></span> <span class='ocrx_word' id='word_1_253' title='bbox 3811 4531 4271 4633; x_wconf 87' lang='lat' dir='ltr'><strong>pallescente,</strong></span> <span class='ocrx_word' id='word_1_254' title='bbox 4323 4556 4518 4608; x_wconf 87' lang='lat' dir='ltr'><strong>mar-</strong></span> 
     </span>
     <span class='ocr_line' id='line_1_33' title="bbox 1491 4644 4514 4750; baseline 0.003 -29"><span class='ocrx_word' id='word_1_255' title='bbox 1491 4644 1660 4747; x_wconf 85' lang='lat' dir='ltr'><strong>gine</strong></span> <span class='ocrx_word' id='word_1_256' title='bbox 1711 4646 1995 4722; x_wconf 86' lang='lat' dir='ltr'><strong>reflexo</strong></span> <span class='ocrx_word' id='word_1_257' title='bbox 2044 4646 2350 4750; x_wconf 87' lang='lat' dir='ltr'><strong>integro,</strong></span> <span class='ocrx_word' id='word_1_258' title='bbox 2392 4646 2629 4748; x_wconf 85' lang='lat' dir='ltr'><strong>stipite</strong></span> <span class='ocrx_word' id='word_1_259' title='bbox 2690 4655 2897 4723; x_wconf 82' lang='lat' dir='ltr'><strong>curto</strong></span> <span class='ocrx_word' id='word_1_260' title='bbox 2971 4646 3465 4724; x_wconf 78' lang='lat' dir='ltr'><strong>adscendente</strong></span> <span class='ocrx_word' id='word_1_261' title='bbox 3541 4647 4129 4736; x_wconf 86' lang='lat' dir='ltr'><strong>subexcentrico,</strong></span> <span class='ocrx_word' id='word_1_262' title='bbox 4214 4648 4514 4728; x_wconf 83' lang='lat' dir='ltr'><strong>lamellis</strong></span> 
     </span>
    </p>
   </div>
   <div class='ocr_carea' id='block_1_10' title="bbox 1491 4761 4146 4871">
    <p class='ocr_par' dir='ltr' id='par_1_11' title="bbox 1491 4761 4146 4871">
     <span class='ocr_line' id='line_1_34' title="bbox 1491 4761 4146 4871; baseline 0.001 -32"><span class='ocrx_word' id='word_1_263' title='bbox 1491 4761 2441 4841; x_wconf 77' lang='lat' dir='ltr'><strong>oboonico-decurrentibus</strong></span> <span class='ocrx_word' id='word_1_264' title='bbox 2490 4762 2989 4868; x_wconf 84' lang='lat' dir='ltr'><strong>inaequalibus</strong></span> <span class='ocrx_word' id='word_1_265' title='bbox 3033 4765 3459 4843; x_wconf 81' lang='lat' dir='ltr'><strong>distantibus</strong></span> <span class='ocrx_word' id='word_1_266' title='bbox 3505 4765 4146 4871; x_wconf 74' lang='lat' dir='ltr'><strong>subintegerrimiS.</strong></span> 
     </span>
    </p>
   </div>
   <div class='ocr_carea' id='block_1_11' title="bbox 1577 4901 3278 4982">
    <p class='ocr_par' dir='ltr' id='par_1_12' title="bbox 1577 4901 3278 4982">
     <span class='ocr_line' id='line_1_35' title="bbox 1577 4901 3278 4982; baseline 0.002 -5"><span class='ocrx_word' id='word_1_267' title='bbox 1577 4902 1660 4977; x_wconf 91' lang='lat' dir='ltr'><strong>ln</strong></span> <span class='ocrx_word' id='word_1_268' title='bbox 1708 4901 1942 4978; x_wconf 91' lang='lat' dir='ltr'><strong>insula</strong></span> <span class='ocrx_word' id='word_1_269' title='bbox 1990 4904 2090 4980; x_wconf 83' lang='lat' dir='ltr'><strong>St.</strong></span> <span class='ocrx_word' id='word_1_270' title='bbox 2146 4903 2478 4980; x_wconf 89' lang='lat' dir='ltr'><strong>Thomae</strong></span> <span class='ocrx_word' id='word_1_271' title='bbox 2519 4902 2615 4979; x_wconf 90' lang='lat' dir='ltr'><strong>ad</strong></span> <span class='ocrx_word' id='word_1_272' title='bbox 2657 4911 2974 4981; x_wconf 87' lang='lat' dir='ltr'><strong>truncos.</strong></span> <span class='ocrx_word' id='word_1_273' title='bbox 3029 4905 3278 4982; x_wconf 78' lang='lat' dir='ltr'><strong>Krebs.</strong></span> 
     </span>
    </p>
   </div>
   <div class='ocr_carea' id='block_1_12' title="bbox 1585 5043 4501 5150">
    <p class='ocr_par' dir='ltr' id='par_1_13' title="bbox 1585 5043 4501 5150">
     <span class='ocr_line' id='line_1_36' title="bbox 1585 5043 4501 5150; baseline 0.003 -33"><span class='ocrx_word' id='word_1_274' title='bbox 1585 5043 1876 5119; x_wconf 88' lang='lat' dir='ltr'><strong>Habitus</strong></span> <span class='ocrx_word' id='word_1_275' title='bbox 1929 5051 2196 5122; x_wconf 90' lang='lat' dir='ltr'><strong>omnino</strong></span> <span class='ocrx_word' id='word_1_276' title='bbox 2249 5047 2337 5120; x_wconf 92' lang='lat' dir='ltr'><strong>L.</strong></span> <span class='ocrx_word' id='word_1_277' title='bbox 2387 5046 2857 5145; x_wconf 80' lang='lat' dir='ltr'><strong>Sajor—Caju,</strong></span> <span class='ocrx_word' id='word_1_278' title='bbox 2912 5048 3038 5122; x_wconf 84' lang='lat' dir='ltr'><strong>sed</strong></span> <span class='ocrx_word' id='word_1_279' title='bbox 3110 5050 3386 5124; x_wconf 88' lang='lat' dir='ltr'><strong>lamellis</strong></span> <span class='ocrx_word' id='word_1_280' title='bbox 3447 5049 3644 5124; x_wconf 85' lang='lat' dir='ltr'><strong>valde</strong></span> <span class='ocrx_word' id='word_1_281' title='bbox 3720 5049 4179 5150; x_wconf 87' lang='lat' dir='ltr'><strong>inaequalibus</strong></span> <span class='ocrx_word' id='word_1_282' title='bbox 4264 5064 4335 5126; x_wconf 93' lang='lat' dir='ltr'><strong>et</strong></span> <span class='ocrx_word' id='word_1_283' title='bbox 4404 5050 4501 5125; x_wconf 90' lang='lat' dir='ltr'><strong>di·</strong></span> 
     </span>
    </p>
   </div>
   <div class='ocr_carea' id='block_1_13' title="bbox 1480 5162 4499 5389">
    <p class='ocr_par' dir='ltr' id='par_1_14' title="bbox 1480 5162 4499 5389">
     <span class='ocr_line' id='line_1_37' title="bbox 1483 5162 4499 5270; baseline 0.002 -33"><span class='ocrx_word' id='word_1_284' title='bbox 1483 5164 1807 5237; x_wconf 75' lang='lat' dir='ltr'><strong>stantibus</strong></span> <span class='ocrx_word' id='word_1_285' title='bbox 1854 5165 2076 5239; x_wconf 85' lang='lat' dir='ltr'><strong>abude</strong></span> <span class='ocrx_word' id='word_1_286' title='bbox 2128 5166 2450 5241; x_wconf 80' lang='lat' dir='ltr'><strong>diversus.</strong></span> <span class='ocrx_word' id='word_1_287' title='bbox 2576 5162 2812 5266; x_wconf 82' lang='lat' dir='ltr'><strong>Stipes</strong></span> <span class='ocrx_word' id='word_1_288' title='bbox 2866 5166 3142 5258; x_wconf 83' lang='lat' dir='ltr'><strong>solidus,</strong></span> <span class='ocrx_word' id='word_1_289' title='bbox 3217 5169 3537 5267; x_wconf 82' lang='lat' dir='ltr'><strong>lignosus,</strong></span> <span class='ocrx_word' id='word_1_290' title='bbox 3612 5170 3721 5268; x_wconf 55' lang='lat'><strong>34</strong></span> <span class='ocrx_word' id='word_1_291' title='bbox 3778 5194 3931 5242; x_wconf 88' lang='lat' dir='ltr'><strong>unc.</strong></span> <span class='ocrx_word' id='word_1_292' title='bbox 3978 5169 4245 5270; x_wconf 85' lang='lat' dir='ltr'><strong>longus,</strong></span> <span class='ocrx_word' id='word_1_293' title='bbox 4296 5171 4347 5243; x_wconf 79' lang='lat'><strong>2</strong></span> <span class='ocrx_word' id='word_1_294' title='bbox 4398 5172 4499 5244; x_wconf 89' lang='lat' dir='ltr'><strong>lin.</strong></span> 
     </span>
     <span class='ocr_line' id='line_1_38' title="bbox 1480 5283 4499 5389; baseline 0.003 -34"><span class='ocrx_word' id='word_1_295' title='bbox 1480 5307 1769 5370; x_wconf 80' lang='lat' dir='ltr'><strong>crassus,</strong></span> <span class='ocrx_word' id='word_1_296' title='bbox 1821 5284 2136 5383; x_wconf 79' lang='lat' dir='ltr'><strong>aequalis,</strong></span> <span class='ocrx_word' id='word_1_297' title='bbox 2201 5283 2983 5360; x_wconf 79' lang='lat' dir='ltr'><strong>adscendenti-incurvua</strong></span> <span class='ocrx_word' id='word_1_298' title='bbox 3001 5342 3021 5375; x_wconf 91' lang='lat'><strong>,</strong></span> <span class='ocrx_word' id='word_1_299' title='bbox 3099 5287 3669 5375; x_wconf 83' lang='lat' dir='ltr'><strong>subexcentricus,</strong></span> <span class='ocrx_word' id='word_1_300' title='bbox 3738 5288 3994 5387; x_wconf 79' lang='lat' dir='ltr'><strong>glaber,</strong></span> <span class='ocrx_word' id='word_1_301' title='bbox 4066 5288 4358 5389; x_wconf 81' lang='lat' dir='ltr'><strong>pallidus</strong></span> <span class='ocrx_word' id='word_1_302' title='bbox 4430 5301 4499 5366; x_wconf 91' lang='lat' dir='ltr'><strong>et</strong></span> 
     </span>
    </p>
   </div>
   <div class='ocr_carea' id='block_1_14' title="bbox 4810 1246 4827 2200">
    <p class='ocr_par' dir='ltr' id='par_1_15' title="bbox 4810 1246 4827 2200">
     <span class='ocr_line' id='line_1_39' title="bbox 4810 1246 4827 2200; baseline 0 0"><span class='ocrx_word' id='word_1_303' title='bbox 4810 1246 4827 2200; x_wconf 95' lang='lat' dir='ltr'><strong> </strong></span> 
     </span>
    </p>
   </div>
   <div class='ocr_carea' id='block_1_15' title="bbox 4814 3083 4823 3660">
    <p class='ocr_par' dir='ltr' id='par_1_16' title="bbox 4814 3083 4823 3660">
     <span class='ocr_line' id='line_1_40' title="bbox 4814 3083 4823 3660; baseline 0 0"><span class='ocrx_word' id='word_1_304' title='bbox 4814 3083 4823 3660; x_wconf 95' lang='lat' dir='ltr'><strong> </strong></span> 
     </span>
    </p>
   </div>
   <div class='ocr_carea' id='block_1_16' title="bbox 4798 4155 4839 6508">
    <p class='ocr_par' dir='ltr' id='par_1_17' title="bbox 4798 4155 4839 6508">
     <span class='ocr_line' id='line_1_41' title="bbox 4798 4155 4839 6508; baseline 0 0"><span class='ocrx_word' id='word_1_305' title='bbox 4798 4155 4839 6508; x_wconf 95' lang='lat' dir='ltr'><strong> </strong></span> 
     </span>
    </p>
   </div>
  </div>
 </body>
</html>
