4984 6517
3393 511 3560 598 375

438 727 683 795 essent
729 727 802 794 et
846 718 999 795 aliis
1052 744 1213 798 eam
1262 718 1551 795 tradere
1599 719 2027 823 cogitarent,
2076 720 2450 821 proposita
2498 730 2863 821 putarunt:
2916 723 3032 800 vel
3056 731 3357 824 propter
3377 725 3656 801 insitam

435 838 509 912 in
557 837 692 912 illis
743 837 888 911 vim
933 819 1220 941 cognati
1293 837 1595 937 alicujus
1679 837 1895 913 studii
1973 838 2432 938 adjutricem,
2507 850 2584 917 ut
2663 842 2797 918 illis
2880 842 3413 944 cognoscendis
3496 873 3660 917 eru-

433 954 725 1029 ditionis
804 958 964 1053 ejus
1041 955 1402 1058 animique
1453 956 1715 1042 cultus,
1772 956 1895 1058 qui
1950 964 2099 1032 tum
2155 957 2474 1033 maxime
2523 960 2830 1062 vigeret,
2885 959 3206 1035 firmiora
3240 963 3656 1058 jacerenfflr

428 1070 925 1161 fundamenta,
980 1073 1134 1149 sive
1184 1064 1575 1149 litterarum
1629 1074 2117 1150 recentiorum
2170 1075 2325 1151 sive
2372 1076 2773 1180 linguarum
2828 1078 3122 1154 scientia
3163 1093 3652 1179 quaereretur.
3764 1177 3768 1201 Ι

428 1194 678 1293 Atque
713 1190 898 1265 hanc
947 1216 1241 1293 quoque
1294 1216 1445 1266 non
1493 1199 1771 1267 temere
1817 1192 2316 1268 existimarunt
2366 1193 2655 1270 illorum
2706 1196 3104 1272 studiorum
3140 1197 3451 1299 aliquam
3488 1225 3652 1273 *esse

425 1308 719 1384 laudem
771 1334 910 1385 nec
959 1307 1408 1385 mediocrem
1456 1335 1635 1385 sane
1685 1309 2083 1398 utilitatem;
2137 1310 2497 1412 prodesse
2548 1312 2741 1388 enim
2792 1314 2910 1390 illa
2958 1323 3157 1390 recte
3208 1314 3548 1390 videbant
3584 1329 3652 1389 et

425 1451 660 1528 prope
714 1428 1122 1503 necessaria
1172 1453 1339 1503 esse
1393 1453 1609 1530 quam
1658 1427 2011 1529 plurimis,
2063 1429 2186 1532 qui
2235 1454 2376 1505 nec
2425 1431 2761 1533 antiquae
2804 1431 3175 1507 doctrinae
3226 1432 3648 1534 elegantiam

426 1553 929 1620 consectantes
1002 1570 1142 1620 nec
1198 1544 1513 1621 docendi
1586 1571 1890 1621 munera
1951 1547 2387 1638 ambientes,
2442 1559 2681 1625 tamen
2730 1549 2824 1624 ad
2876 1550 3145 1625 cultum
3195 1548 3644 1625 humanitatis

426 1662 820 1739 studiosius
865 1662 1386 1739 incumberent.

725 1805 954 1883 Nobis
1024 1817 1264 1883 autem
1348 1807 1491 1882 hoc
1567 1807 1735 1882 loco
1788 1808 1883 1883 de
1929 1808 2429 1886 Romanorum
2471 1811 2699 1885 modo
2751 1810 2997 1887 litteris
3053 1810 3444 1886 dicendum
3492 1817 3640 1885 erit.

424 1924 745 2016 Quarum
803 1925 1005 2027 quasi
1058 1952 1224 2024 pars
1278 1951 1421 2000 una
1470 1925 1624 2026 ipsa
1676 1925 1918 2029 lingua
1968 1928 2390 2015 continetur,
2448 1954 2665 2031 quam
2716 1954 2936 2030 supra
2987 1928 3303 2004 diximus
3353 1929 3468 2017 iis,
3524 1933 3640 2029 qui

416 2040 493 2115 in
567 2051 718 2117 arte
792 2043 910 2118 illa
985 2042 1521 2147 philologorum
1597 2058 2058 2120 versarentur
2116 2045 2383 2147 quique
2435 2045 2591 2121 aliis
2648 2072 2810 2121 eam
2860 2047 3150 2122 tradere
3211 2049 3636 2149 cogitarent,

416 2172 717 2261 propter
764 2161 990 2262 ipsam
1036 2188 1204 2236 esse
1252 2161 1716 2264 propositam.
1803 2161 1953 2237 Sed
2001 2172 2241 2238 tamen
2287 2187 2435 2238 non
2479 2162 2591 2239 his
2623 2164 2893 2252 solum,
2926 2164 3061 2239 sed
3100 2166 3456 2252 omnibus,
3488 2169 3640 2265 qni-

417 2304 732 2381 cumque
795 2280 911 2356 vel
988 2280 1162 2355 alias
1213 2290 1403 2355 artes
1453 2279 1724 2383 eligunt
1778 2279 1868 2354 ad
1920 2280 2502 2382 pertractandum
2545 2280 2664 2356 vel
2707 2282 3112 2357 communis
3160 2283 3344 2358 illius
3400 2289 3636 2358 erudi-

411 2396 627 2472 tionis
702 2396 1295 2499 humanitatisque
1369 2409 1714 2499 expertes
1762 2424 1926 2473 esse
1979 2398 2261 2487 nolunt,
2318 2398 2504 2475 utilis
2558 2408 2755 2475 certe
2812 2408 2922 2475 est
2976 2407 3047 2474 et
3097 2398 3460 2477 fructuosa
3516 2405 3640 2473 ali-

410 2540 552 2615 qua
601 2514 888 2618 linguae
936 2515 1231 2591 Latinae
1259 2515 1609 2617 cognitio,
1651 2541 1871 2617 quum
1899 2516 2342 2619 intelligendi
2366 2517 2803 2619 dicendique
2838 2517 3169 2594 effectrix
3192 2518 3283 2594 sit
3308 2521 3636 2593 omnium„

411 2658 556 2733 que
608 2634 825 2708 animi
878 2634 1283 2736 mentisque
1330 2634 1687 2737 quaedam
1741 2635 1945 2737 quasi
1989 2636 2372 2735 palaestra,
2428 2637 2771 2738 quoniam
2823 2638 3055 2713 aciem
3099 2638 3366 2740 ingenii
3414 2641 3632 2721 amit,

401 2750 754 2848 judicium
806 2751 1069 2839 firmat,
1125 2752 1483 2828 sermonis
1541 2751 1766 2856 gignit
1816 2753 2242 2856 elegantiam
2291 2779 2525 2855 eaque
2569 2755 2725 2855 ipsa
2770 2756 3024 2831 virtute
3073 2764 3291 2857 atque
3316 2752 3632 2829 efficien-

407 2867 501 2942 tia
549 2868 1092 2945 dialecticorum
1144 2870 1960 2973 mathematicorumque
2012 2881 2203 2947 artes
2253 2871 2407 2946 illas
2455 2873 2802 2974 propiore
2850 2871 3164 2975 quadam
3197 2873 3628 2975 cognatione

408 2988 774 3089 attingunt.
880 2992 1126 3089 Atque
1202 2988 1385 3064 haec
1448 2988 1721 3087 judicia
1790 2999 1955 3064 sunt
2027 2998 2272 3064 vetera
2330 2988 2447 3063 illa
2502 2989 2826 3091 quidem,
2878 2989 3013 3065 sed
3063 3016 3250 3091 quae
3303 3016 3440 3065 nec
3496 3017 3624 3061 usu

408 3130 546 3181 nec
602 3108 1222 3210 argumentatione
1281 3107 1591 3183 convelli
1640 3108 1884 3183 tollive
1934 3107 2315 3208 potuerint.

703 3262 863 3335 Jam
935 3286 1116 3335 vero
1193 3259 1585 3335 litterarum
1634 3260 1913 3336 illarum
1959 3261 2181 3335 altera
2231 3259 2437 3362 quasi
2491 3285 2661 3361 pars
2709 3259 2920 3360 copia
2978 3259 3135 3359 ipsa
3184 3284 3426 3335 rerum
3480 3273 3620 3341 est.

404 3403 592 3480 quae
643 3378 729 3453 iis
775 3378 1248 3453 continentur.
1361 3380 1571 3469 Quae
1617 3379 1827 3480 copia
1878 3387 2158 3454 constat
2186 3404 2285 3455 ex
2311 3379 2591 3481 integra
2637 3402 2906 3478 paene,
2938 3385 3008 3453 at
3033 3376 3353 3478 partibus
3382 3385 3616 3452 tamen

398 3495 795 3572 admodum
874 3496 1230 3599 inaequali
1296 3505 1399 3583 et,
1478 3496 1569 3571 ad
1637 3495 1987 3571 rationem
2043 3500 2489 3572 Graecarum
2541 3496 2835 3598 quidem
2889 3495 3314 3583 litterarum,
3368 3520 3616 3595 parum

395 3613 738 3715 locupleti
787 3615 1043 3690 artium
1096 3614 1449 3703 omnium,
1502 3622 1580 3689 ut
1629 3614 1725 3689 ita
1778 3614 2047 3701 dicam,
2102 3612 2566 3715 supellectile.
2670 3615 2751 3689 In
2807 3612 2918 3688 his
2962 3623 3200 3689 autem
3235 3613 3616 3714 praecipua

397 3740 564 3807 sunt
633 3731 1132 3835 philosophiae
1206 3732 1660 3834 scriptioneS,
1734 3741 2204 3807 monumenta
2251 3757 2497 3806 rerum
2550 3739 2946 3835 gestarum,
3002 3731 3459 3832 eloquentiae
3508 3757 3616 3803 m·-

389 3849 712 3953 tiumque
792 3850 1226 3954 elegantium
1307 3851 1492 3925 fetus
1538 3850 1715 3925 varii
1768 3862 1840 3926 et
1889 3849 2393 3936 multiformeS,
2447 3848 2651 3951 leges
2703 3856 2775 3923 et
2817 3851 2987 3946 jura
3029 3848 3484 3949 institutaque
3520 3849 3616 3921 ei-

387 3969 582 4058 vilia‚
639 3995 972 4073 quaeque
1024 3970 1097 4046 in
1145 3968 1602 4045 Medicorum
1656 3978 1809 4044 arte
1863 3978 2256 4055 versantur,
2310 3967 2629 4067 itemque
2678 3965 3052 4053 nonnulla,
3107 3991 3295 4067 quae
3332 3966 3425 4041 de
3480 3977 3616 4041 ter*

388 4113 631 4162 rarum
681 4089 1162 4190 locorumque
1236 4086 1371 4162 situ
1419 4111 1505 4160 ac
1557 4095 1809 4162 natura
1860 4095 2026 4161 sunt
2073 4086 2366 4187 scripta,
2421 4084 2561 4160 alia
2606 4082 2912 4186 physica
2962 4097 3033 4159 et
3083 4083 3612 4165 mathematica.

385 4205 521 4280 alia
595 4207 667 4281 in
735 4232 980 4281 rerum
1061 4206 1359 4294 naturiS,
1416 4205 1770 4306 quaedam
1825 4205 1898 4279 in
1950 4230 2032 4279 re
2092 4203 2387 4291 rustica,
2450 4202 2810 4305 quaedam
2860 4202 2934 4277 in
2986 4227 3068 4277 re
3119 4201 3398 4277 militari
3448 4217 3612 4277 sunt

384 4323 644 4423 posita3
705 4349 1015 4426 quorum
1070 4323 1318 4409 multa,
1376 4322 1452 4397 id
1505 4321 1706 4425 quod
1763 4347 1982 4397 nemo
2034 4322 2348 4409 miretur,
2398 4320 2491 4395 ad
2543 4320 2893 4397 rationem
2935 4345 3224 4406 eorum,
3282 4344 3464 4421 quae
3500 4321 3608 4393 his

379 4442 735 4541 proximis
783 4441 1232 4542 temporibus
1279 4442 1352 4516 in
1398 4439 1670 4516 artibus
1724 4440 2010 4515 inventa
2058 4449 2253 4527 sunt,
2310 4438 2573 4515 nullius
2632 4437 2785 4513 fere
2833 4445 2998 4512 sunt
3041 4447 3163 4510 aut
3206 4445 3401 4511 certe
3440 4464 3604 4537 pm·-

381 4559 630 4662 exigui
682 4560 1048 4635 momenti.
1153 4558 1319 4634 Non
1369 4568 1535 4634 sunt
1584 4557 1798 4661 igitur
1845 4559 2086 4633 omnia
2135 4557 2413 4633 illarum
2462 4557 2854 4631 litterarum
2900 4580 3173 4658 genera
3219 4563 3600 4657 partesque.

376 4677 719 4753 tantidem
794 4678 1267 4765 aestimanda,
1343 4678 1480 4753 alia
1531 4676 1732 4779 quod
1782 4702 1929 4752 nou
1980 4677 2257 4779 integra
2311 4674 2405 4749 ad
2451 4700 2588 4749 uos
2643 4682 3157 4775 pervenerunt,
3217 4673 3354 4748 alia
3405 4677 3600 4775 quod

381 4820 523 4870 nec
601 4821 849 4872 rerum
924 4796 1135 4896 copia
1211 4819 1349 4870 nec
1432 4795 1677 4895 operis
1753 4795 2202 4896 perfectione
2280 4792 2898 4872 commendantur.
2960 4790 3095 4866 alia
3142 4789 3345 4892 quod
3396 4791 3464 4865 in
3524 4793 3604 4865 iis

373 4913 664 4989 infantia
712 4914 1070 5016 quaedam
1117 4922 1191 4989 et
1241 4939 1449 4988 error
1501 4921 1575 4987 et
1617 4937 1794 4987 vero
1849 4911 2260 5012 superstitio
2313 4908 2901 4985 adolescentibus
2949 4913 3103 5008 jam
3156 4908 3278 4983 diu
3332 4908 3600 4983 artibus

374 5032 468 5108 ad
536 5058 745 5108 usum
811 5041 884 5108 et
936 5014 1406 5135 progressum
1454 5029 1626 5105 nihil
1681 5030 1918 5117 affert,
1973 5029 2330 5131 quaedam
2385 5027 2733 5130 denique,
2788 5027 2988 5129 quod
3028 5035 3283 5128 suapte
3318 5035 3600 5105 natura.

375 5175 598 5253 quum
653 5150 795 5226 sint
865 5150 935 5225 in
1009 5150 1350 5254 singulari
1402 5149 1642 5250 aliquo
1698 5147 2041 5223 scientiae
2092 5173 2364 5252 genere
2417 5146 2681 5247 posita,
2735 5144 2828 5221 ad
2881 5171 3156 5247 paucos
3205 5145 3596 5221 admodum

372 5268 750 5372 pertinent.
858 5270 1067 5361 Quae
1117 5281 1404 5345 veteres
1474 5266 1572 5343 illi
1651 5265 1745 5341 de
1813 5265 2066 5341 studiis
2116 5263 2702 5368 philosophandi,
2784 5264 2879 5340 de
2931 5265 3153 5341 rebus
3202 5267 3451 5367 gestis,
3508 5265 3600 5337 de
