4984 6517
1370 633 1550 720 364

1262 873 1426 923 sane
1461 856 1682 917 utrum
1731 839 2122 915 Florideam
2174 864 2255 910 an
2307 835 2748 939 Dictyoteam
2805 851 2957 913 ante
2999 840 3239 912 oculos
3266 838 3609 914 haberem.
3660 836 3946 938 Duplex
3973 844 4120 938 ejus
4147 841 4544 914 laciniamm

1262 991 1483 1065 genus
1534 963 1837 1061 speciem
1893 956 2220 1031 Plocamii
2273 958 2535 1055 potius,
2591 983 2788 1056 quam
2842 955 3258 1060 Dictyoteae
3300 956 3683 1054 cujusdam,
3736 960 3799 1030 in
3851 961 4167 1031 memoria
4224 972 4545 1044 revocat,

1265 1082 1393 1158 sed
1445 1080 1679 1154 colore
1732 1079 2000 1178 plantae
2053 1078 2345 1148 siccatae
2391 1076 2819 1173 nigrescente
2871 1088 2941 1149 et
2997 1075 3388 1150 madisactae
3448 1075 3791 1162 olivaceo,
3820 1086 4017 1174 stupa
4054 1078 4117 1148 in
4157 1075 4362 1148 thallo
4400 1078 4546 1176 pri-

1266 1203 1510 1287 mario,
1563 1223 1738 1296 quae
1792 1192 2200 1295 Dictyoteas
2246 1191 2446 1291 plane
2500 1192 2759 1290 prodit,
2813 1205 2882 1267 et
2932 1190 3389 1291 hologonidiis
3438 1195 3722 1266 inventis
3774 1204 3840 1266 et
3893 1193 4356 1279 consideratis,
4388 1219 4546 1267 eam

1268 1318 1357 1391 ad
1397 1314 1806 1417 Dictyoteas
1857 1340 1993 1386 non
2053 1336 2338 1410 possum
2391 1337 2528 1381 non
2579 1309 2849 1384 referre.
2952 1308 3047 1381 Et
3096 1312 3269 1383 inter
3320 1310 3440 1384 has
3496 1310 3650 1382 mihi
3677 1310 3960 1397 videtur,
3992 1311 4545 1410 morpbologiam

1267 1439 1326 1513 si
1373 1436 1692 1534 respicis,
1743 1457 2028 1531 prorsus
2075 1428 2429 1527 singularis
2484 1428 2549 1498 in
2604 1453 2725 1514 eo,
2777 1427 2964 1527 quod
3018 1427 3160 1501 sola
3217 1440 3356 1515 est,
3408 1441 3483 1501 ut
3532 1439 3734 1527 puto,
3791 1430 3898 1500 cui
3952 1429 4080 1502 sint
4129 1455 4265 1501 non
4318 1431 4548 1501 minus

1270 1554 1479 1628 caulis
1527 1577 1726 1650 quam
1781 1574 2188 1647 organorum
2243 1542 2864 1645 appendicularium
2921 1544 3251 1644 quaedam
3297 1545 3691 1632 similitudo,
3737 1571 3890 1618 nam
3919 1545 4157 1618 thallus
4184 1548 4550 1645 primarius

1272 1686 1453 1746 teres
1532 1696 1659 1769 pro
1736 1668 1960 1753 caule,
2038 1666 2313 1737 laciniae
2366 1689 2494 1761 pro
2572 1665 2843 1761 organis
2913 1662 3211 1737 foliaceis
3271 1661 3778 1761 quodammodo
3841 1666 3985 1737 sine
4039 1663 4245 1738 dubio
4302 1664 4548 1738 haberi

1273 1798 1578 1890 possunt.

1687 1960 1752 2029 1.
1830 1952 2279 2029 Lonosmns
2334 1971 2848 2026 mcustAn
2900 1949 3184 2024 Aresch.

1583 2089 1710 2166 Ad
1768 2111 1974 2162 oram
2022 2081 2278 2159 Novae
2313 2081 2752 2157 Hollandiae
2805 2082 3390 2168 meridionalem,
3445 2081 3519 2155 in
3570 2081 3733 2156 sinu
3785 2083 3967 2158 Port
4009 2082 4401 2158 Adelaide.

1579 2224 1817 2298 Planta
1865 2225 2112 2296 siccata
2165 2220 2416 2292 coloris
2470 2220 2946 2316 nigrescentis,
2999 2218 3369 2293 madefacta
3426 2245 3592 2292 vero
3654 2219 3967 2305 olivacei,
4018 2245 4236 2318 usque
4265 2218 4552 2317 6-p0ssi-

1280 2350 1487 2432 caris,
1540 2342 2015 2418 ramosissima.
2119 2336 2403 2409 Thallus
2456 2338 2810 2432 primarius
2864 2362 2986 2409 sev
3038 2337 3245 2409 caulis
3295 2348 3475 2410 teres
3528 2337 3568 2408 l.
3621 2337 3856 2410 leviter
3884 2363 4358 2436 compressus,
4410 2335 4555 2408 cel-

1283 2465 1431 2538 lulis
1507 2463 1693 2535 strati
1770 2457 2103 2532 corticalis
2189 2457 2254 2526 in
2330 2454 2434 2526 fila
2488 2455 2811 2552 simplicia
2868 2464 3064 2528 extus
3127 2454 3582 2553 prolongatis,
3633 2453 3888 2528 inferne
3940 2467 4303 2553 stuposus,
4349 2453 4558 2525 ramis

1283 2581 1617 2681 spiraliter
1670 2577 2051 2677 dispositis3
2105 2574 2267 2645 rami
2315 2583 2616 2644 ceterum
2671 2574 2956 2658 ramosi,
3010 2597 3162 2644 cum
3217 2573 3485 2646 ramulis
3523 2573 3931 2645 semilineam
3962 2571 4365 2644 distantibus
4393 2572 4558 2642 sim-

1284 2699 1577 2799 plicibus
1632 2696 1670 2767 Ι.
1723 2697 1961 2768 iterum
2024 2689 2377 2762 ramulosis
2429 2689 2679 2761 ambitu
2729 2689 3014 2763 lineares
3071 2703 3138 2762 et
3186 2691 3423 2762 lineam
3475 2692 3585 2761 vix
3633 2690 3773 2776 lati,
3826 2687 4096 2764 rachide
4126 2690 4557 2788 complanata

1282 2828 1354 2891 et
1403 2817 1669 2911 utrinqe
1724 2809 2007 2883 distiche
2060 2820 2129 2880 et
2177 2806 2429 2879 alterne
2472 2806 2772 2878 laciniati.
2873 2804 3192 2879 Laciniae
3245 2807 3784 2905 approximatae,
3838 2807 4006 2882 linea
4032 2810 4140 2880 vix
4171 2808 4559 2905 longiores,

1283 2933 1372 3006 ad
1426 2930 1829 3005 ramulorum
1879 2928 2071 3000 basin
2129 2926 2441 3022 utrinque
2513 2925 2897 2996 normaliter
2964 2922 3136 2996 duae
3202 2925 3910 3012 lineari-lanceolatae,
3965 2938 4336 3024 sequentes
4391 2948 4557 2996 vero

1290 3058 1861 3125 ovato-cuneatae
1950 3055 2019 3118 et
2100 3039 3039 3141 emarginato-bicuspidatae.
3139 3039 3600 3139 Hologonidia
3665 3068 3793 3141 per
3859 3043 4130 3116 lacinias
4185 3066 4561 3140 earumque

1286 3166 1633 3242 rachidem
1684 3188 1957 3263 sparsa,
2005 3186 2481 3258 nonnunquam
2537 3171 2925 3257 aggregata.

1586 3296 1909 3372 Laciniae
1961 3294 2272 3368 videntur
2325 3295 2638 3373 omnino,
2693 3306 2765 3364 ut
2813 3319 3014 3393 supra
3063 3290 3373 3380 diximus,
3395 3308 3670 3367 naturae
3701 3294 4046 3381 soliorum,
4081 3321 4232 3366 nam
4266 3293 4564 3392 denique

1284 3447 1320 3493 a
1375 3417 1650 3492 rachide
1730 3416 2081 3489 solvuntur
2158 3426 2227 3486 et
2301 3426 2459 3486 tunc
2508 3422 2810 3484 remanet
2874 3410 3164 3484 rachidis
3215 3411 3429 3484 saltim
3476 3437 3637 3510 pars
3687 3411 3979 3500 inferior,
4033 3439 4074 3486 e
4126 3411 4332 3483 tballo
4398 3411 4560 3485 sub·

1282 3535 1783 3620 horizontaliter
1833 3529 2195 3631 egrediens
2245 3533 2578 3628 apiceque
2634 3531 2995 3602 circinatim
3051 3529 3371 3602 revoluta.

2159 3713 2431 3794 xxm.
2514 3712 3350 3788 sPnAcELAmA
3407 3714 3685 3814 Lyngb.

1702 3873 1766 3942 1.
1846 3865 2392 3944 Svnscusm
2433 3864 3078 3965 (Smocsuzon)
3112 3887 3550 3943 cromnam
3584 3869 3873 3942 Aresch.
3902 3867 4120 3965 Phyc.
4161 3865 4339 3965 Cap.
4355 3893 4441 3965 p.
4469 3875 4561 3939 10.

1591 3999 1852 4077 Thallo
1903 4008 2210 4099 stuposo
2264 3996 2688 4082 multicauli,
2740 3996 2877 4071 filis
2927 3996 3212 4073 inferne
3264 3998 3622 4074 subnudis
3658 3998 4558 4099 decomposito-ramosis,

1287 4119 1508 4197 ramis
1560 4115 2002 4218 ramulisque
2076 4113 2747 4215 circumscriptione
2829 4113 3461 4218 lineari-oblongis
3548 4117 3806 4218 pinnas
3882 4116 4358 4192 densissimas
4436 4141 4563 4216 ge-

1286 4237 1645 4322 rentibuS,
1731 4231 1969 4333 pinnis
2042 4231 2490 4332 simplicibus
2550 4231 2592 4305 l.
2649 4231 3176 4331 subpinnulatis
3226 4233 3690 4334 pinnulisque
3742 4235 4115 4336 adpressis
4168 4233 4558 4335 elongatiS,

1287 4354 1642 4459 geniculis
1701 4350 2070 4428 obscuris.
2125 4348 2362 4425 fructu
2411 4348 2484 4421 in
2538 4348 2755 4422 axilla
2809 4349 3187 4449 pinnarum
3232 4350 3274 4424 l.
3332 4349 3790 4450 pinnularum
3843 4350 4338 4453 glomerulum
4385 4376 4562 4425 con-

1287 4473 1659 4557 stituente,
1716 4466 2140 4571 glomerulis
2196 4465 2314 4539 fila
2367 4489 2658 4539 ramosa
2712 4464 3203 4568 hologouidiis
3253 4478 3515 4542 onusta
3566 4467 3737 4542 laxe
3786 4469 4041 4568 stipata
4114 4466 4558 4543 foventibus.

1588 4622 1671 4695 In
1740 4620 1901 4695 sinu
1981 4616 2324 4692 Tabulari
2377 4625 2450 4690 et
2501 4617 2664 4714 Bay
2711 4615 2928 4690 Falso
2986 4617 3253 4716 Capitis
3327 4617 3570 4693 bonae
3623 4618 3783 4719 spei
3831 4643 3982 4693 non
4034 4615 4558 4719 infrequenter.

1286 4740 1522 4817 Etiam
1574 4736 1670 4812 ad
1720 4736 1956 4811 littora
2004 4732 2257 4807 Novae
2309 4731 2727 4819 Zelandiae,
2787 4756 2935 4806 sec.
2989 4734 3389 4831 specimina
3437 4734 3530 4809 ab
3575 4736 3934 4836 Harveyo
3961 4734 4336 4811 benevole
4360 4759 4564 4808 com·

1284 4856 1665 4933 municata.

1592 5004 1831 5077 Planta
1884 5027 2103 5100 usque
2160 5002 2794 5099 10-12-pollicaris,
2847 5002 3060 5075 saltim
3092 5005 3424 5075 exsiccata
3457 5004 3706 5078 coloris
3732 5005 4567 5102 olivaceo-nigrescentis,

1290 5152 1424 5225 qua
1468 5135 1624 5195 nota
1683 5149 1718 5193 a
1774 5130 2135 5218 sequente,
2188 5132 2506 5217 quantum
2561 5146 2708 5191 sum
2761 5133 3116 5216 expertus,
3169 5119 3386 5193 differt
3428 5148 3721 5220 semper.
3827 5119 4048 5222 Stupa
4107 5150 4390 5221 magna,
4439 5123 4564 5195 filis

1290 5242 1660 5316 intertextis
1710 5239 2027 5322 ramosis,
2083 5261 2311 5307 mono·
2354 5235 2974 5336 l.polysiphoneis,
3029 5238 3319 5309 articulis
3377 5238 3776 5337 plerumque
3804 5239 4131 5315 diametro
4162 5242 4566 5338 aequalibus

1292 5364 1331 5433 Ι.
1385 5357 1632 5433 eodem
1697 5354 1899 5453 2-plo
1973 5355 2421 5472 brevioribus.
2526 5351 2675 5426 Fila
2722 5379 2808 5426 ex
2866 5352 3104 5426 eadem
3155 5367 3352 5453 stupa
3403 5359 3985 5446 numerosissima,
4038 5358 4567 5457 5-6-pollicaria
