4984 6517
3402 542 3572 629 387

443 783 518 850 et
563 772 708 849 hoc
761 770 986 847 modo
1034 796 1173 846 suo
1222 769 1544 877 quodam
1596 791 1825 867 opere
1872 763 2299 842 industriam
2327 762 2673 862 adjuvent
2696 756 3457 864 Lexicographoruim
3510 780 3670 843 nec,

445 894 571 1000 qui
628 892 1057 992 »palaestras
1098 887 1649 965 Ciceronianas«
1712 884 2194 972 conscribent,
2248 883 2323 959 id
2350 881 2669 957 maxime
2696 879 3143 982 spectabunt,
3198 887 3277 953 ut
3303 876 3674 977 perfectos

440 1009 760 1085 efficiant
804 1006 1172 1083 scribendi
1222 1005 1551 1092 artifices,
1608 1004 1742 1078 sed
1798 1012 1873 1079 ut
1922 1002 2181 1078 mentis
2235 1001 2466 1076 aciem
2525 1000 3055 1105 oculorumque
3110 1005 3370 1072 acuant
3420 994 3672 1070 adole-

439 1128 800 1204 scentium
859 1126 1195 1233 antiquae
1245 1122 1617 1198 doctrinae
1667 1121 2163 1197 studiosorum
2209 1144 2492 1226 eosque
2540 1118 2634 1192 ad
2685 1116 3077 1218 scriptores
3104 1123 3391 1191 veteres
3422 1110 3670 1217 legenss

439 1247 514 1322 di
578 1245 1053 1348 prudentiam,
1114 1240 1570 1345 diligentiam,
1619 1241 2229 1346 sagacitatemque
2281 1237 2644 1312 adducant
2694 1245 2912 1342 atque
2978 1234 3340 1310 instituant
3356 1233 3445 1334 ⁹).
3550 1230 3672 1304 Ex

611 1449 660 1533 ⁹)
704 1446 986 1533 Scripsit
1028 1448 1395 1533 nuperrime
1436 1448 1504 1512 in
1549 1444 1886 1511 «Nordisk
1929 1441 2590 1521 UniversitetsSkrift,
2655 1441 2815 1507 hafn
2863 1442 2901 1508 2
2946 1440 3004 1507 J.
3052 1439 3129 1508 G.
3172 1440 3294 1517 Ek,
3337 1438 3670 1524 Eloquen-

438 1550 569 1614 tiae
615 1559 682 1614 et
722 1549 959 1615 Poesis
1000 1548 1353 1615 Professor
1409 1548 1809 1614 Lundensis:
1875 1546 2035 1612 «Ett
2099 1560 2325 1613 votum
2368 1547 2391 1609 i
2432 1543 2664 1633 fragan
2711 1567 2817 1609 om
2862 1543 3348 1609 Classicitetens
3391 1539 3674 1606 forsan.»

442 1650 623 1717 Haec
668 1653 892 1739 legens
940 1652 1355 1717 vehementer
1401 1652 1709 1723 laetabar,
1756 1650 1939 1737 quod
1983 1650 2262 1737 plurima
2305 1671 2387 1712 ex
2428 1649 2529 1724 iis,
2576 1669 2745 1734 quae
2777 1647 2919 1734 jam
2964 1645 3214 1711 dudum
3269 1645 3413 1729 ipse
3476 1640 3673 1706 senti-

439 1778 594 1830 rem,
638 1756 815 1820 illius
864 1755 1003 1819 Viri
1058 1754 1332 1841 judicio,
1400 1765 1474 1819 ut·
1536 1753 1856 1828 videbam,
1924 1760 2149 1817 essent
2212 1733 2655 1836 comprobata.
2766 1748 2937 1815 Sunt
2979 1758 3196 1814 tamen
3237 1745 3367 1811 loci
3413 1744 3565 1821 duc,
3609 1743 3675 1808 16

437 1859 678 1945 quibus
723 1860 805 1922 ab
850 1858 1027 1921 illius
1075 1858 1397 1922 sententia
1443 1855 1806 1942 paullulum
1850 1878 1992 1920 mea
2038 1852 2322 1919 discedit
2375 1852 2617 1939 opinio,

606 1977 694 2049 Is,
742 1976 825 2041 de
867 1977 947 2040 iis
990 1977 1192 2041 rebus
1239 1975 1588 2052 disserena,
1632 1976 1700 2040 in
1745 1977 1983 2061 quibus
2052 1973 2397 2039 etiamnum
2462 1972 2685 2059 lingua
2745 1970 2979 2037 Latina
3043 1971 3149 2037 vel
3199 1969 3533 2058 possimus
3577 1966 3674 2031 uti

435 2079 545 2144 vel
588 2078 964 2153 debeamus,
1009 2099 1210 2163 quum
1253 2079 1395 2153 alia,
1441 2088 1578 2143 tum
1621 2079 1784 2143 haec
1827 2078 2053 2143 habet:
2099 2075 2576 2163 «Foljaktligen
2621 2074 2901 2140 aterstar
2943 2074 3016 2139 af
3053 2073 3354 2160 samtliga
3385 2068 3672 2157 philolo-

434 2182 619 2269 81666
667 2180 1281 2268 hufvudriktmngar
1321 2182 1657 2268 ingenting
1722 2201 1859 2246 mer
1923 2185 2007 2244 an
2071 2180 2287 2245 blotta
2351 2176 2480 2242 och
2544 2179 2705 2243 bara
2747 2177 3292 2253 hermeneutiken,
3337 2195 3481 2239 som
3522 2169 3676 2235 funt

441 2283 697 2369 lampat
742 2284 845 2370 sig
887 2282 995 2348 for
1041 2306 1119 2349 en
1162 2283 1563 2370 behandling
1619 2282 1706 2369 pa
1770 2304 2017 2347 samma
2060 2281 2282 2367 sprfik,
2324 2279 2582 2366 hvarpa
2625 2289 2848 2345 texten
2892 2285 2965 2343 tir
3008 2277 3294 2344 affattad.
3380 2274 3536 2340 Men
3579 2270 3673 2337 af-

436 2407 565 2449 ven
611 2385 731 2450 der
776 2387 1035 2473 tvingas
1081 2408 1246 2462 man,
1290 2384 1396 2450 for
1439 2394 1536 2450 att
1578 2390 1744 2472 g6ra
1787 2385 1889 2471 sig
1929 2382 2084 2448 fullt
2124 2382 2464 2470 begriplig‚
2510 2380 2652 2447 ofta
2692 2390 2791 2447 att
2832 2381 3124 2448 fiirklara
3166 2377 3401 2467 sjelfva
3427 2375 3674 2442 ferkla-

434 2489 665 2574 ringen
708 2510 946 2574 genem
991 2486 1353 2553 anforande
1397 2486 1472 2552 af
1508 2496 1602 2552 ett
1645 2487 1776 2551 och
1818 2495 2016 2552 annat
2059 2485 2323 2573 mycket
2363 2484 2815 2550 betecknande
2861 2484 2986 2550 ord
3029 2485 3189 2549 eller
3232 2480 3674 2569 uttryclrssatt

438 2588 584 2653 {ran
631 2589 1113 2655 modersmalet.
1204 2587 1352 2654 Och
1396 2589 1588 2655 afven
1630 2587 1737 2654 for
1782 2597 2293 2654 commentatorn
2336 2587 2466 2652 kan
2509 2587 2976 2674 utlfiggningen
3019 2586 3094 2652 af
3129 2585 3259 2652 den
3292 2583 3512 2650 antika
3532 2589 3676 2658 tan-¹

434 2691 564 2756 ken
605 2692 628 2755 i
676 2691 833 2758 dess
877 2691 1293 2757 ffirhallande
1337 2691 1437 2756 till
1480 2690 1787 2756 nutidens
1832 2691 2329 2777 vetenskapliga
2372 2689 2783 2776 standpunkt
2850 2689 3005 2776 (och
3055 2687 3308 2754 sadana
3338 2683 3672 2775 jemforel-

434 2816 544 2858 ser
586 2794 799 2858 finnas
843 2795 1260 2880 naturligtvis
1305 2793 1560 2879 manga)
1605 2790 1809 2857 blifva
1852 2793 2183 2880 besviirlig
2226 2814 2376 2880 nog,
2439 2791 2750 2857 hvarffire
2816 2791 3024 2857 ocksa
3064 2792 3087 2855 i
3129 2811 3334 2878 nyare
3375 2787 3547 2854 tider
3590 2808 3671 2852 en

435 2897 579 2961 och·
609 2920 823 2963 aunan
868 2897 1133 2985 mycket
1171 2893 1605 2982 f6rtjenstfull
1649 2903 2046 2959 commentar
2088 2894 2303 2961 blifvit
2324 2895 2412 2982 pa
2434 2897 2896 2961 bearbetarens
2921 2891 3318 2959 modersmal
3339 2888 3669 2956 affattad.»

441 3036 511 3048 -
567 3037 632 3047 -
690 2999 822 3064 «Vi
866 2998 1190 3087 medgifve
1235 2998 1437 3062 likval
1482 3005 1579 3062 att
1646 2998 2137 3063 commentarier
2200 2998 2301 3063 till
2366 2997 2650 3062 latinska
2713 2996 3053 3062 forfattare
3095 3019 3174 3060 ur
3228 3016 3407 3061 mera
3449 2999 3532 3059 an
3578 3000 3673 3058 ett

434 3098 583 3165 skal
626 3099 807 3166 helst
840 3099 1016 3167 ‘bora
1058 3124 1213 3167 vara
1259 3100 1347 3187 pa
1392 3097 1600 3176 Latin,
1646 3099 1966 3186 nemligen
2010 3098 2114 3164 f6r
2160 3098 2274 3165 det
2314 3097 2530 3165 forsta
2569 3101 2591 3164 i
2636 3099 2963 3165 anseende
3006 3099 3108 3164 till
3152 3098 3281 3164 den
3302 3094 3669 3183 brokighen

434 3223 579 3266 som
625 3204 844 3268 skulle
890 3204 1291 3291 uppkomma
1331 3224 1567 3290 genem
1612 3202 2055 3290 blandningen
2100 3201 2174 3267 af
2208 3210 2468 3267 textens
2513 3201 2704 3266 Latin
2750 3202 2880 3268 och
2932 3203 3396 3268 bearbetarens
3461 3198 3670 3265 Sven-

433 3304 574 3381 ska,
619 3303 857 3393 Tyska
900 3329 960 3371 0.
1006 3329 1058 3371 6.
1104 3330 1164 3372 v.
1208 3305 1315 3371 for
1359 3305 1473 3371 det
1514 3303 1722 3370 andra
1761 3305 1786 3369 i
1827 3303 2159 3371 anseende
2202 3304 2302 3368 till
2345 3304 2475 3369 den
2519 3303 2776 3392 nyttiga
2796 3304 3480 3391 tankeanstrangnin&
3525 3321 3671 3367 som

433 3429 516 3472 66
560 3407 650 3494 pa
695 3408 885 3473 Latin
930 3408 1201 3474 affattad
1246 3417 1643 3474 commentar
1687 3406 1761 3472 af
1795 3407 2136 3494 larjungen
2178 3405 2458 3484 krafven
2507 3406 2635 3471 och
2676 3407 2959 3484 hvilken,
3006 3429 3111 3472 om
3155 3411 3669 3472 commentatorn

296 3501 327 3536 *
433 3509 617 3596 giort
661 3512 765 3575 sin
810 3512 930 3575 sak
977 3512 1103 3586 viil,
1146 3510 1276 3576 kan
1319 3511 1425 3575 for
1471 3510 1850 3597 larjungens
1896 3510 2264 3598 utbildning
2329 3509 2429 3574 till
2482 3507 2786 3597 philolog
2841 3531 2999 3574 vara
3054 3507 3435 3574 tillochmed
3480 3507 3668 3573 verk-

436 3633 758 3677 sammare
803 3619 887 3677 an
932 3611 1168 3700 sjelfva
1210 3619 1452 3679 texten.
1565 3611 1709 3676 Den
1752 3611 1967 3699 gamla
2031 3613 2271 3678 tanken
2312 3612 2606 3677 kommer
2650 3633 2766 3676 066
2810 3612 3133 3700 6611111866
3176 3611 3331 3677 vida
3370 3615 3669 3675 narmare

432 3714 564 3779 och
608 3716 880 3780 tn'lltalar
925 3737 1042 3779 oss
1090 3736 1242 3784 mer,
1288 3737 1396 3779 om
1439 3713 1646 3779 061166
1691 3714 1780 3799 pa
1823 3721 2021 3778 arinat
2064 3713 2269 3800 spralr
2311 3714 2626 3801 uttryckt‚
2671 3721 2790 3779 nir
2835 3714 2964 3781 den
3006 3714 3111 3779 for
3154 3736 3271 3779 oss
3293 3712 3668 3779 reflecteras

424 3815 507 3880 af
540 3838 624 3881 en
670 3818 770 3882 till
817 3817 998 3882 tiden
1042 3822 1337 3881 n’armare
1401 3815 1705 3903 liggande
1776 3815 2210 3905 uppfattning.
2320 3815 2633 3882 Deremot
2693 3839 2811 3904 ger
2879 3817 3009 3882 den
3071 3816 3163 3903 pa
3204 3813 3672 3881 modersmalet

423 3918 749 3985 affattade
794 3928 1273 3985 commentaren
1317 3918 1542 3984 alltfor
1584 3920 1728 3983 litet
1771 3918 2124 4006 anledning
2195 3919 2297 3984 tiu
2361 3928 2510 4006 eget
2571 3921 2797 3986 arbete
2842 3920 2971 3985 och
3014 3918 3359 3985 befordrar
3403 3916 3668 3984 sffledes

424 4043 515 4087 en
562 4020 904 4110 forderflig
946 4022 1150 4109 lattja.
1171 4051 1196 4078 ι»

603 4124 872 4190 Fatetur
914 4126 1126 4211 igitur,
1172 4145 1255 4188 66
1291 4123 1789 4189 hermeneuticis
1836 4126 2114 4211 quidem,
2162 4147 2331 4211 quos
2376 4124 2572 4190 liceat
2627 4124 2976 4210 appellare,
3042 4125 3328 4212 linguam
3369 4122 3666 4188 Latinam

423 4231 595 4292 satis
642 4249 792 4292 6666
835 4226 1250 4314 locupletem,
1295 4226 1398 4289 cui
1443 4227 1802 4292 sententiae
1848 4227 2295 4294 lubentissime
2340 4226 2585 4292 accedo
2628 4226 2831 4313 idque
2875 4249 2997 4314 pro
3041 4248 3185 4292 mea
3249 4235 3424 4291 certe
3479 4233 3667 4311 parte

423 4330 871 4415 apposuerim,
918 4328 1169 4394 etiamsi
1212 4327 1434 4414 lingua
1475 4328 1589 4392 illa
1631 4330 1697 4393 in
1742 4352 1941 4417 opere
1983 4330 2617 4397 hermeneuticorum
2660 4329 2747 4394 ad
2790 4351 2897 4395 res
2941 4330 3143 4415 ipsaS,
3209 4349 3377 4413 quae
3438 4328 3665 4392 insunt

424 4432 499 4495 in
544 4433 810 4517 scriptis
858 4440 1166 4505 veterum,
1214 4427 1642 4496 declarandas
1691 4442 1756 4497 et
1798 4432 2222 4499 illustrandas
2269 4431 2513 4519 optime
2559 4430 2964 4507 adhibeatur,
3010 4453 3150 4497 eam
3193 4438 3407 4495 tamen
3450 4429 3664 4495 minus

431 4534 656 4599 valere
700 4533 787 4599 ad
833 4532 1222 4620 explicanda
1262 4532 1589 4596 vocabula
1633 4554 1989 4621 eorumque
2033 4537 2141 4601 vel
2185 4532 2640 4600 similitudines
2686 4534 2794 4598 vel
2837 4531 3351 4598 dissimitudines
3417 4533 3664 4597 consti-

424 4637 732 4713 tuendas,
775 4638 841 4702 in
887 4658 1019 4723 quo
1067 4655 1268 4720 opere
1315 4633 1806 4721 diligentissime
1850 4639 2098 4703 versari
2162 4637 2405 4703 debent
2445 4637 2511 4713 ii,
2580 4635 2689 4721 qui
2756 4645 2911 4700 sunt
2954 4634 3267 4722 adpellati
3309 4633 3660 4699 Diacritici.

422 4739 601 4805 Nam
642 4740 712 4804 in
754 4761 882 4803 una
928 4738 1286 4822 eademque
1329 4735 1552 4823 lingua
1593 4737 1818 4804 insunt
1863 4739 2127 4824 quidem
2173 4761 2371 4804 voces
2397 4760 2514 4803 eae
2545 4737 3015 4825 significatione
3058 4737 3449 4813 60661161166,
3496 4756 3665 4823 quae

421 4861 804 4929 synonyma
845 4839 1181 4927 appellant
1227 4837 1671 4904 Grammatici:
1720 4862 1888 4925 quae
1929 4843 1996 4906 in
2039 4862 2272 4928 magna
2337 4862 2497 4905 6666
2554 4839 2972 4906 similitudine
3032 4840 3522 4927 significationis
3566 4847 3666 4905 ta·

420 4964 578 5007 men
599 4943 849 5030 aliquid
872 4943 1115 5007 habent
1136 4941 1468 5008 dissimile.
1555 4943 1694 5009 Sed
1736 4945 2075 5022 vocabula,
2121 4964 2289 5029 quae
2312 4944 2444 5008 sint
2466 4941 2766 5030 ejusdem
2806 4943 2973 5008 inter
2998 4965 3072 5008 se
3097 4941 3553 5030 similitudinis,
3599 4927 3666 5007 et

422 5067 705 5131 prorsus
727 5045 902 5110 idem
923 5044 1306 5132 significent,
1351 5044 1534 5131 quod
1558 5045 1685 5109 alia
1705 5047 2026 5111 vocabula
2048 5048 2241 5111 unius
2264 5045 2542 5132 alicujus
2587 5044 2865 5132 linguae,
2910 5065 2988 5110 ea
3006 5067 3142 5110 606
3165 5054 3320 5111 sunt
3346 5046 3415 5110 in
3437 5043 3664 5110 eadem

421 5147 649 5234 lingua
693 5146 1084 5235 quaerenda,
1130 5146 1252 5212 sed
1296 5147 1692 5212 arcessenda
1736 5169 1817 5212 ex
1862 5148 2004 5212 alia.
2093 5147 2242 5229 Qua
2284 5146 2369 5213 de
2412 5168 2615 5213 causa
2678 5170 2813 5213 non
2874 5156 3117 5213 temere
3183 5148 3331 5233 quis
3401 5153 3664 5212 conten-

421 5247 617 5324 derit,
663 5248 917 5316 Graeca
960 5250 1206 5335 scripta
1247 5248 1503 5314 facilius
1549 5248 1729 5314 factu
1774 5272 1922 5315 esse
1966 5250 2196 5316 Latine
2238 5250 2653 5336 interpretari
2697 5261 2763 5315 et
2807 5250 3267 5316 commentario
3335 5249 3661 5335 persequi,

423 5371 627 5434 quam
668 5351 815 5437 ipsa
857 5351 1105 5417 Latina.
1193 5350 1331 5417 Sed
1375 5350 1557 5437 quod
1602 5350 1770 5417 infra
1815 5352 1900 5418 de
1954 5352 2070 5418 illa
2110 5353 2177 5418 in
2222 5360 2537 5417 contextu
2582 5352 2901 5419 sermonis
2948 5373 3030 5417 ex
3073 5350 3349 5418 duarum
3391 5350 3661 5438 conjun-
