4984 6517
1383 581 1559 667 346

1267 792 1537 890 pinnati.
1640 790 1903 864 Pinnae
1955 790 2130 862 duos
2179 791 2494 863 articulos
2549 788 2869 862 distantes
2919 792 2990 884 (i.
3044 814 3104 863 e.
3157 789 3329 859 inter
3374 788 3549 864 duos
3575 792 3892 865 articulos
3931 789 4300 889 pinniferos
4335 791 4540 863 inter-

1269 912 1484 1004 jectus
1535 920 1640 980 est
1693 908 2010 981 articulus
2061 933 2196 979 non
2252 907 2672 1005 pinniferus)‚
2718 905 3458 1006 patenti-horizontales
3487 907 3524 979 Ι.
3555 909 4036 993 horizontales,
4090 907 4304 980 saltim
4346 908 4542 1005 apice

1265 1052 1476 1125 saepe
1554 1027 2005 1099 subarcuatim
2087 1038 2514 1110 recurvatae,
2579 1024 2783 1098 latere
2838 1036 3089 1096 tantum
3144 1026 3475 1121 superiori
3526 1027 3871 1124 pinnatae3
3954 1024 4267 1124 pinnulae
4334 1023 4544 1109 duos,

1263 1157 1336 1216 ut
1391 1146 1669 1243 pinnae,
1720 1143 2041 1216 articulos
2097 1141 2441 1227 distanteS,
2484 1168 2766 1214 numero
2828 1168 2980 1215 raro
3032 1143 3112 1226 4,
3167 1141 3569 1239 plerumque
3623 1143 3704 1228 5,
3771 1142 3999 1242 quoad
4055 1145 4321 1241 pinnam
4378 1143 4540 1214 sub·

1266 1273 1609 1359 patentes,
1664 1261 2048 1345 subulatae,
2101 1260 2669 1358 simplicissimae,
2723 1262 2878 1332 stria
2935 1259 3392 1358 longitudinali
3449 1260 3602 1358 plus
3655 1264 3871 1333 minus
3918 1259 4210 1333 evidenti
4249 1271 4536 1332 notatae.

1267 1378 1552 1451 Articuli
1605 1404 1842 1451 omnes
1927 1377 2252 1451 diametro
2332 1378 2537 1476 paulo
2592 1377 2965 1474 longiores,
3039 1377 3299 1450 filorum
3368 1377 3768 1476 siphonibus
3850 1379 4093 1462 tribus,
4189 1382 4537 1477 pinnarum

1268 1496 1538 1570 duobus
1592 1509 1879 1581 tantum,
1934 1522 2086 1568 cum
2136 1498 2198 1567 in
2252 1494 2423 1568 facie
2478 1496 2608 1567 sub
2659 1498 3115 1594 microscopio
3204 1497 3664 1593 inspiciuntur,
3737 1499 3967 1569 ornati.
4073 1492 4537 1594 Sporocarpia

1270 1628 1471 1714 atque
1523 1610 2095 1712 Sphaerosporae
2146 1639 2180 1683 a
2238 1638 2345 1684 me
2396 1639 2532 1683 uon
2586 1630 2741 1684 sunt
2791 1615 3077 1687 inventa.
4143 1643 4150 1654 ·

1577 1745 1971 1820 Sectionem
2027 1745 2544 1819 transversalem
2588 1744 2762 1818 thalli
2808 1748 3099 1844 primarii
3129 1758 3414 1845 propter
3455 1749 3896 1844 speciminum
3928 1752 4274 1848 penuriam
4317 1747 4537 1821 facere

1274 1866 1427 1938 mihi
1484 1892 1617 1937 non
1667 1866 1977 1962 contigit,
2031 1876 2100 1935 et
2150 1875 2369 1935 tamen
2420 1862 2598 1935 haud
2656 1862 2924 1948 dubito,
2977 1865 3134 1962 quin
3181 1866 3264 1936 sit
3311 1892 3628 1937 numerus
3678 1867 4036 1965 siphonum
4082 1894 4241 1941 vere
4271 1879 4535 1965 quater-

1273 1987 1512 2057 narius.
1618 1979 1944 2081 Speciem
2001 1980 2087 2053 de
2141 1993 2371 2052 cetero
2428 1979 2991 2053 distinctissimam
3046 1993 3113 2054 et
3166 2006 3319 2053 cum
3370 1981 3545 2054 nulla
3589 1982 3712 2056 alia
3753 1985 3944 2059 facile
3998 1981 4534 2057 confundendam

1274 2105 1360 2180 ab
1415 2103 1803 2177 auctoribus
1857 2099 2085 2172 nullibi
2145 2098 2554 2197 descriptam
2607 2100 3000 2173 invenimus.

2210 2266 2367 2340 XII.
2459 2266 3196 2342 DELESSERIA
3264 2267 3602 2340 Lamour.

1688 2418 1750 2489 1.
1834 2414 2315 2491 Dennssnnm
2371 2414 3025 2516 (Hwootossmu)
3079 2439 3504 2492 mauman
3560 2417 3844 2490 Aresch.

1582 2554 1841 2630 Thallo
1896 2562 2177 2629 costato
2233 2554 2497 2630 avenio
2522 2555 2776 2630 lineari
2829 2580 2872 2630 e
2923 2568 3127 2632 costa
3177 2557 3248 2631 in
3303 2563 3609 2656 utraque
3638 2555 3896 2657 pagina
3936 2554 4540 2655 opposito-proli-

1280 2675 1571 2751 ficando
1625 2672 1946 2771 denique
1995 2670 2478 2771 subopposite
2528 2673 3194 2772 pinnato-ramoso,
3252 2673 3469 2747 ramis
3499 2672 3941 2774 ramulisque
3982 2672 4338 2774 primariis
4367 2672 4540 2746 line-

1281 2794 1528 2870 aribus
1583 2789 1912 2891 margine
1964 2788 2639 2889 undulato-crispis,
2698 2789 3348 2889 prolificationibus
3387 2791 3649 2865 ultimis
3685 2789 4540 2865 cordato-reniformibus

1280 2906 1864 3010 subpedicellatis
1941 2930 2159 2980 soros
2237 2906 2331 2979 ad
2398 2917 2788 3009 utrumque
2868 2918 3117 2983 costae
3184 2908 3371 2982 latus
3440 2908 3770 3011 singulos
3821 2908 4540 3012 oblongo-ellipticos

1280 3026 1725 3133 gerentibus.

1580 3161 1707 3235 Ad
1736 3184 1940 3234 oram
1969 3156 2221 3232 Novae
2247 3156 2685 3232 Hollandiae
2719 3159 3291 3248 meridionalem,
3330 3160 3699 3237 Cauliniae
3733 3161 4166 3237 antarcticae
4194 3167 4268 3234 et
4295 3157 4543 3233 Coral-

1280 3281 1443 3360 linis
1496 3279 1919 3364 innascenS‚
1972 3276 2049 3350 in
2112 3274 2275 3349 sinu
2329 3277 2508 3349 Port
2558 3274 2836 3377 Phillip.

1586 3414 1909 3488 Evolutio
1965 3411 2142 3484 thalli
2197 3411 2366 3485 haec
2421 3424 2556 3485 est:
2609 3410 2881 3486 Folium
2934 3413 3179 3487 lineare
3213 3415 3278 3487 in
3318 3427 3600 3512 utraque
3654 3418 3896 3513 pagina
3933 3442 3972 3489 e
4009 3427 4197 3487 costa
4255 3412 4544 3509 explicat

1284 3534 1506 3607 foliola
1591 3531 2154 3632 subpedicellata,
2231 3529 2961 3616 cordato-reniformia‚
3039 3531 3308 3605 alterius
3362 3535 3651 3631 paginae
3704 3532 3926 3605 foliola
3979 3531 4248 3605 alterius
4301 3529 4543 3602 foliolis

1287 3654 1638 3750 opposita;
1706 3652 1877 3723 haec
1951 3647 2170 3720 foliola
2224 3650 2474 3721 sensim
2527 3649 2592 3718 in
2649 3645 2926 3718 formam
2985 3647 3299 3723 linearem
3354 3650 3818 3734 extenduntur,
3871 3663 3940 3722 et
3988 3677 4140 3722 cum
4192 3651 4258 3720 in
4309 3674 4541 3720 eorum

1288 3773 1496 3842 costis
1538 3795 1713 3841 nova
1764 3767 1987 3839 foliola
2044 3776 2498 3861 emerguntur,
2550 3766 2789 3861 pinnae
2840 3765 3003 3837 fiunt
3052 3794 3175 3839 sev
3227 3770 3424 3853 rami,
3476 3781 3542 3842 et
3592 3772 3690 3841 sic
3742 3770 3806 3841 in
3860 3770 4125 3841 ceteris.
4202 3764 4543 3838 Interdum

1287 3912 1452 3959 vero
1521 3886 1661 3971 hic,
1736 3896 1802 3955 ut
1869 3884 2056 3965 alibi,
2113 3882 2248 3953 lieri
2304 3893 2561 3979 potest,
2616 3893 2686 3952 ut
2737 3907 2870 3953 non
2930 3885 3148 3955 omnia
3209 3884 3360 3956 solia
3410 3911 3631 3982 aequo
3685 3912 3895 3984 passu
3946 3889 4010 3958 in
4065 3888 4305 3983 pinnas
4357 3883 4545 3954 evol-

1286 4016 1543 4086 vantur,
1618 4001 1796 4074 unde
1875 3999 2112 4071 thallus
2181 3999 2252 4070 fit
2314 4000 2468 4097 plus
2542 4002 2756 4072 minus
2823 4001 3274 4098 irregulariter
3329 4004 3656 4099 pinnatus.
3709 4047 3801 4060 —
3857 4001 4139 4096 Thallus
4194 4028 4412 4101 usque
4464 4001 4544 4073 3-

1288 4121 1627 4219 pollicaris
1682 4120 1930 4190 coloris
1981 4119 2930 4215 coccineo-purpurascentis,
2983 4119 3128 4191 basi
3178 4119 3402 4191 forsan
3461 4146 3936 4218 nonnunquam
3982 4133 4171 4192 costa
4210 4120 4542 4193 denudata

1288 4238 1846 4321 subcaulescenS,
1932 4237 2387 4331 caespitosus,
2462 4238 2797 4307 exsiccata
2871 4236 3094 4334 planta
3153 4239 3365 4334 magis
3425 4262 3624 4333 quam
3678 4240 4060 4335 specierum
4115 4237 4404 4310 affinium
4459 4240 4545 4309 ri·

1287 4356 1519 4454 gidus,
1603 4369 1673 4427 ut
1748 4355 1968 4453 planta
2046 4353 2178 4425 hoc
2262 4366 2576 4449 respectu
2632 4380 2783 4425 cum
2854 4352 3100 4426 Suhria
3156 4354 3479 4452 pristoide
3533 4355 3725 4427 facile
3776 4358 4151 4453 comparari
4206 4358 4458 4454 possit,
4506 4383 4543 4427 e

1288 4486 1476 4547 costa
1531 4475 1815 4571 repetite
1861 4470 2302 4569 prolilicando
2360 4470 2512 4568 plus
2579 4474 2792 4544 minus
2846 4473 3228 4569 regulaliter
3276 4475 3595 4571 opposite
3649 4476 4288 4570 pinnato—ramosus.
4347 4472 4543 4544 Rami

1290 4592 1658 4688 ramulique
1714 4591 2027 4675 lineares,
2081 4589 2317 4660 lineam
2372 4588 2711 4661 latitudine
2762 4592 2870 4662 vix
2922 4602 3353 4686 superantes,
3397 4617 3575 4664 nilne
3632 4591 3825 4663 valde
3855 4594 4334 4689 approximati,
4371 4618 4546 4664 nunc

1290 4709 1506 4805 magis
1583 4707 1923 4778 distantes.
2029 4703 2568 4778 Prolilicationes
2623 4707 2886 4778 ultimae
2941 4706 3689 4795 cordato-renisormes,
3750 4710 4356 4807 subpedieellatae,
4423 4712 4543 4781 im-

1292 4827 1615 4907 bricatae,
1698 4826 1995 4920 margine
2074 4825 2309 4896 leviter
2386 4824 2760 4895 undulatae.
2868 4820 3026 4900 Sori
3104 4824 3716 4924 oblongo-elliptici
3763 4826 3846 4898 ad
3902 4841 4258 4926 utrumque
4313 4841 4544 4903 costae

1288 4945 1461 5015 latus
1512 4943 1770 5037 singuli.
1874 4938 2445 5039 Sphaerosporae
2506 4941 2829 5037 triangule
2885 4941 3155 5013 divisae.

1602 5072 2032 5174 Quamquam
2111 5076 2553 5173 sporocarpia
2636 5086 2788 5146 sunt
2864 5074 3020 5145 mihi
3073 5078 3332 5172 ignota,
3382 5075 3465 5146 ad
3527 5056 3991 5151 Delesseriam
4056 5099 4207 5151 cum·
4268 5095 4547 5180 propter

1290 5195 1469 5267 thalli
1549 5193 2012 5265 formationem
2093 5205 2229 5264 tum
2312 5205 2710 5264 structuram
2780 5194 2952 5266 bene
3008 5206 3492 5289 congruentem
3567 5220 3716 5267 eam
3800 5198 4048 5270 referre
4101 5225 4234 5270 non
4292 5199 4547 5273 dubito.

1295 5310 1504 5396 Quod
1558 5312 1642 5384 ad
1697 5324 2097 5388 structuram
2173 5311 2494 5416 pertinet,
2566 5334 2606 5394 e
2676 5308 2948 5382 duobus
3022 5311 3407 5383 cellularum
3490 5317 3713 5387 stratis
3777 5315 4082 5388 confecta
4135 5330 4238 5389 est
4293 5317 4545 5415 planta,
