4984 6517
3411 506 3588 591 30⁵7

615 708 683 781 5.
736 708 980 781 Arena
1032 711 1375 784 vulcania.
1478 709 1922 808 Plerumque
1976 708 2211 808 nigra,
2262 710 2504 810 gravis
2558 719 2631 785 et
2679 712 2932 786 nitens.
3031 713 3097 785 E
3144 719 3386 815 granis
3412 717 3680 814 Lavae,

413 824 927 923 crystallorum
981 825 1335 927 Augitae,
1385 824 1840 925 Feldspathi,
1879 825 2255 912 Leucitae,
2303 828 2514 902 Ferri
2565 827 2951 929 magnetici
3004 837 3136 903 etc.

617 959 683 1031 6.
749 959 1028 1033 Cineres
1078 962 1400 1033 vulcanii.
1503 958 1750 1033 Pulvis
1800 959 2265 1034 tenuissimus
2294 1018 2309 1045 ,
2369 959 2581 1043 levis,
2657 961 2942 1062 griseus
2995 962 3112 1038 vel
3165 963 3392 1038 albus.
3500 965 3680 1064 Spe-

410 1071 601 1146 ciem
661 1072 801 1147 fert
857 1075 1178 1174 pulveris
1229 1074 1451 1149 ferrei
1505 1074 1909 1150 candefacti
1961 1101 2127 1149 cum
2182 1076 2382 1150 calce
2439 1077 2862 1152 tenuissima
2913 1080 3310 1153 commixti.

612 1206 676 1281 7.
735 1210 1018 1309 Toplms
1069 1212 1453 1283 vulcanius.
1560 1207 1834 1293 Massa,
1893 1234 2082 1309 quae
2137 1208 2604 1311 homogenea
2665 1210 2980 1298 videtur,
3050 1212 3289 1287 mollis
3361 1220 3435 1286 et
3502 1212 3673 1287 fria-

406 1321 603 1409 bilis,
659 1325 877 1412 flava,
932 1324 1170 1412 fusca,
1222 1326 1514 1399 cinerea
1566 1323 1683 1399 vel
1734 1324 1988 1412 rubra,
2044 1325 2356 1401 fractura
2409 1325 2527 1399 vel
2580 1326 2976 1429 inaequali,
3037 1330 3364 1403 minutim
3413 1353 3680 1429 grano-

405 1464 518 1523 sa,
574 1441 686 1515 vel
741 1450 1000 1515 terrea.
1106 1442 1445 1515 immixta
1496 1449 1662 1515 sunt
1708 1441 1933 1530 Mica,
1987 1443 2540 1544 Feldspathum,
2596 1444 2966 1532 LeuciteS,
3021 1447 3332 1547 Angites
3383 1454 3456 1520 et
3488 1444 3680 1547 frag-

404 1565 649 1630 menta
700 1557 1017 1631 volutata
1060 1558 1431 1632 variorum
1492 1583 1866 1633 saxorum.

712 1694 898 1764 Gen.
949 1692 1055 1764 33.
1109 1693 1367 1765 Strata
1419 1723 1760 1767 saoeorum
1813 1696 2503 1789 conglomeratorum.

608 1822 804 1897 Saxa
859 1810 1230 1923 quaedam
1276 1825 1823 1927 conglomerata
1866 1830 2021 1924 jam
2074 1828 2433 1927 descripta
2486 1834 2655 1901 sunt
2710 1851 2855 1899 una
2929 1850 3096 1900 cum
3162 1851 3350 1901 saxo
3420 1828 3672 1930 agglu-

398 1937 690 2014 tinante.
796 1941 1098 2014 Restant
1145 1940 1648 2029 solummodo;

612 2078 669 2147 1.
726 2076 1002 2148 Saxum
1080 2079 1449 2149 clavorum.
1574 2074 2039 2177 (Nagelfiue).
2158 2077 2601 2177 Fragmenta
2673 2076 2871 2150 varia
2943 2077 3295 2151 montium
3377 2074 3674 2149 calcari-

397 2216 610 2265 orum
667 2200 741 2266 et
787 2190 899 2266 his
948 2191 1355 2267 vicinorum
1407 2195 1797 2290 conjuncta
1850 2192 2120 2295 glutine
2171 2193 2444 2279 ferreo,
2504 2217 2866 2267 arenaceo
2921 2203 2994 2268 et
3052 2193 3381 2267 calcario.

602 2326 669 2398 2.
728 2329 1021 2399 Brea-cia
1072 2338 1344 2399 ossium.
1447 2327 1884 2427 Fragmenta
1907 2326 2181 2401 ossium
2204 2327 2574 2401 variorum
2602 2326 3011 2400 animalium
3050 2337 3123 2400 et
3162 2324 3397 2399 Calcis
3430 2323 3662 2398 strati-

388 2440 647 2516 formis
700 2446 1091 2540 conjuncta
1145 2466 1290 2542 ope
1344 2442 1668 2545 Argillae
1729 2443 2135 2517 ochraceae
2188 2451 2261 2518 et
2307 2442 2680 2516 calcariae.

598 2581 668 2651 3.
731 2578 1371 2676 Tapanhoacanga.
1504 2578 1774 2676 (Caput
1838 2575 2280 2677 Aethiopis).
2397 2576 2732 2662 Breccia,
2816 2602 3005 2677 quae
3086 2575 3410 2663 continet
3477 2572 3668 2673 frag-

390 2703 641 2768 menta
688 2718 941 2795 parva,
993 2693 1358 2794 angulata,
1416 2692 1751 2767 frictione
1803 2718 1972 2768 raro
2017 2693 2406 2767 rotundata
2458 2692 2901 2768 minerarum
2948 2694 3157 2767 Ferri
3199 2698 3273 2766 et
3293 2689 3658 2765 interdum

387 2811 926 2897 Itacolumitae,
983 2809 1422 2911 agglutinata
1475 2809 1723 2885 Ochra
1772 2811 1957 2885 flava
2009 2809 2126 2884 vel
2172 2809 2378 2884 fusca
2430 2809 2704 2896 ferrea,
2773 2834 2962 2910 quae
3013 2808 3378 2883 interdum
3436 2829 3649 2906 prae-

388 2928 613 3014 valet,
667 2928 862 3002 unde
913 2925 1244 3000 oriuntur
1288 2925 1598 3022 laminae
1653 2927 2132 3002 intermediae
2179 2926 2388 3001 Ferri
2441 2925 2648 3000 oxidi
2704 2925 2918 3000 rubri.

595 3064 662 3135 4.
731 3064 965 3135 Vir-ide
1015 3062 1554 3162 Aegyptiac-um.
1663 3062 2102 3163 Fragmenta
2154 3059 2600 3159 Serpentini,
2654 3060 2715 3132 F
2720 3055 3105 3158 eldspathi,
3155 3056 3334 3132 Saxi
3363 3052 3651 3139 cornei,

388 3178 699 3269 Quarzi,
751 3181 1029 3253 Terrae
1075 3177 1324 3253 viridis
1382 3182 1773 3276 conjuncta
1820 3177 2093 3279 glutine
2146 3177 2363 3251 tenui.
2631 3167 2637 3180 '

695 3316 883 3388 Gen.
933 3314 1051 3387 34.
1108 3315 1554 3409 Fragmenta
1604 3323 1934 3385 montium
1985 3313 2250 3385 avulsa.

588 3445 703 3520 Nil
756 3445 913 3520 fere
966 3446 1059 3519 ad
1115 3444 1257 3519 hoc
1320 3470 1507 3544 opus
1563 3444 1924 3543 pertinent
1973 3444 2296 3544 ideoque
2350 3442 2869 3542 relinquuntur.

592 3580 803 3653 Haec
851 3578 1098 3654 brevis
1152 3577 1611 3653 adumbratio
1666 3577 2012 3653 sufficere
2062 3578 2351 3652 videtur
2400 3577 2494 3651 ad
2547 3576 2867 3651 rationes
2908 3592 2925 3611 ·
2948 3597 3074 3648 eas
3147 3566 3649 3671 explicandas,

387 3721 574 3797 quas
614 3706 950 3796 putamus
982 3704 1056 3771 et
1098 3721 1322 3795 posse
1376 3705 1449 3771 et
1474 3695 1730 3770 deberi
1782 3694 2058 3770 servari
2078 3695 2149 3769 in
2176 3719 2362 3769 saxo
2396 3719 2696 3794 unoquo
2732 3715 2909 3793 que,
2961 3700 3179 3790 pront
3204 3699 3493 3786 tempus
3519 3708 3655 3782 po-

380 3812 626 3899 stulat,
686 3813 1211 3901 describendo;
1258 3840 1378 3889 res
1428 3814 1586 3914 ipsa
1639 3811 1987 3900 declarat,
2044 3812 2107 3886 si
2165 3811 2481 3885 futurum
2528 3811 2649 3899 sit,
2705 3818 2784 3885 ut
2835 3808 2975 3883 tale
3018 3806 3388 3905 inceptum
3444 3824 3655 3902 pera·

379 3938 626 4031 gatur,
678 3931 772 4003 ad
825 3929 1013 4005 hanc
1065 3930 1698 4006 adumbrationem
1751 3928 2161 4027 adiicienda
2215 3953 2381 4002 esse
2427 3936 2703 4014 cetera,
2756 3950 2947 4027 quae
3022 3923 3118 3998 ad
3194 3946 3354 3997 rem
3431 3916 3653 4020 perti-

376 4055 630 4134 neant,
684 4047 873 4122 inter
912 4072 1100 4149 quae
1143 4048 1557 4147 specierum
1583 4046 2048 4147 Synonymia
2076 4054 2148 4120 et
2169 4045 2630 4120 transitiones
2657 4046 2732 4119 in
2760 4044 2934 4118 alias
2969 4039 3276 4141 species,
3332 4058 3651 4135 corpora

377 4164 568 4239 forte
624 4164 1053 4253 commixta,
1111 4174 1309 4241 aetas
1359 4164 1654 4239 relativa
1706 4164 2050 4264 variaque
2097 4161 2472 4237 successio
2526 4163 2847 4237 maxima
2893 4167 3093 4246 sunt,
3154 4181 3344 4258 quae
3402 4162 3647 4229 tamen

378 4282 627 4356 omnia
680 4280 798 4355 hic
849 4282 1361 4382 praetermissa
1411 4290 1606 4369 sunt,
1680 4282 1848 4382 quia
1900 4305 1989 4355 ea
2040 4278 2184 4353 hoc
2232 4304 2421 4379 opus
2468 4279 2652 4355 ultra
2709 4277 3130 4379 propositos
3175 4274 3361 4348 fines
3428 4269 3641 4345 nimis

377 4400 870 4475 extenderent
928 4398 1154 4479 allata.
