4984 6517
1385 579 1557 664 236

1569 788 1638 861 9.
1761 788 2026 862 Westre
2101 783 2493 885 paroeciae
2558 784 2946 880 Tinga-teme
3021 791 3114 882 (a.
3184 784 3437 885 1850).
3545 785 3843 857 Dirhem
3922 788 4422 869 samanidicust,
4470 810 4527 858 a.

1268 905 1410 977 291
1468 902 1543 976 in
1588 901 2017 979 el-Schasch
2076 926 2316 986 0113113,
2372 910 2709 1000 repertus
2765 908 2895 975 est.

1578 1097 1692 1168 10.
1801 1098 2052 1189 Burge
2117 1090 2508 1192 paroeciae
2558 1092 2822 1165 Levede
2881 1094 2976 1188 (a.
3046 1091 3289 1186 1850).
3395 1094 3665 1169 Iterum
3719 1097 3982 1169 dit-hem
4048 1096 4531 1176 samanidicus,

1271 1209 1541 1285 eodem
1600 1236 1793 1285 anno
1849 1207 2397 1308 Samerqandae
2450 1206 2793 1308 signatuS,
2849 1208 3164 1283 effossus
3219 1218 3348 1283 est.

1579 1385 1698 1455 11.
1808 1383 2015 1479 Utha
2065 1379 2456 1480 paroeciae
2511 1381 2844 1477 Flet-inge
2924 1386 3019 1474 (a.
3086 1381 3333 1481 1851).
3439 1379 3575 1454 Vis
3627 1400 3892 1478 magna
3952 1379 4414 1450 dirlzemorum
4463 1376 4532 1448 in

1273 1525 1453 1603 agro
1510 1499 1907 1575 exhumata
1952 1507 2079 1583 est,
2148 1496 2414 1597 quibus
2468 1494 2607 1571 hae
2684 1497 3108 1597 antiquioris
3174 1498 3337 1572 aevi
3388 1495 3737 1596 reliquiae
3787 1518 4105 1593 cupreae
4163 1500 4368 1566 erant
4412 1491 4533 1564 ad-

1266 1621 1598 1716 junctae:
1683 1615 1909 1690 lancis
1967 1615 2468 1717 fragmentum,
2552 1612 2778 1688 fibula
2826 1623 2899 1688 et
2955 1639 3234 1689 cuneus
3301 1614 3559 1687 minor.
3666 1612 3743 1686 Si
3795 1610 4071 1710 aliquot
4149 1608 4533 1707 exceperis

1276 1759 1541 1808 numos
1593 1732 2030 1808 abbas-idione
2081 1755 2168 1804 ac
2219 1732 2634 1806 tahiridicae
2706 1731 3024 1832 originis,
3113 1732 3299 1806 intra
3361 1754 3595 1804 annos
3649 1728 4039 1801 149-251
4100 1725 4532 1825 (766—866

1277 1876 1346 1950 p.
1410 1849 1573 1924 Chr.
1628 1855 1807 1949 nat.)
1885 1873 2124 1930 cusos,
2202 1847 2540 1945 duosque
2614 1850 3081 1946 sffaridicos,
3162 1846 3420 1947 reliqui
3474 1870 3734 1940 omnes
3815 1848 4287 1918 samanidicae
4337 1851 4534 1915 erant

1277 1975 1636 2050 monetae,
1694 1964 1868 2039 inde
1914 1964 2007 2038 ab
2057 1988 2250 2037 anno
2305 1965 2455 2036 280
2509 1988 2742 2065 usque
2795 1965 2889 2037 ad
2937 1965 3072 2037 331
3141 1963 3577 2062 (893-943
3626 1986 3694 2061 p.
3755 1959 3920 2035 Chr.
3970 1970 4144 2058 nat.)
4197 1962 4534 2036 continua

1274 2081 1467 2155 serie
1519 2080 1797 2182 signati.
1902 2079 2547 2172 Quemadmodum
2592 2079 2667 2154 in
2723 2105 3192 2180 quocumque
3241 2080 3398 2154 fere
3452 2080 3752 2178 majoris
3804 2079 4154 2179 ponderis
4198 2076 4531 2153 thesauro

1275 2197 1594 2283 invent0,
1642 2198 1749 2271 sic
1803 2197 2018 2271 etiam
2065 2198 2140 2270 in
2192 2196 2340 2271 hoc
2395 2222 2670 2271 novum
2724 2197 2997 2298 aliquid
3051 2223 3203 2272 non
3253 2195 3553 2270 omnino
3604 2195 3850 2270 defuit.

1594 2373 1704 2445 12.
1815 2375 2040 2446 Rums
2093 2372 2484 2471 paroeciae
2551 2370 2965 2467 Grb’tlingbo
3020 2374 3119 2470 (a.
3180 2371 3427 2470 1852).
3532 2371 3701 2445 Alia
3767 2372 4233 2445 dirhemorum
4280 2398 4535 2476 magna

1282 2488 1685 2575 multitudo,
1729 2490 1892 2588 plus
1928 2490 1999 2563 D
2034 2513 2426 2563 numorum
2457 2489 2834 2562 Sununam
2888 2512 3228 2589 aequans,
3283 2488 3356 2561 in
3394 2496 3584 2561 terra
3611 2488 3901 2562 inventa
3920 2496 4048 2575 est,
4079 2514 4399 2589 quorum
4427 2492 4533 2565 di-

1283 2606 1502 2680 midia
1532 2606 1687 2680 fere
1739 2631 1907 2705 pars
1950 2605 2198 2680 illaesa
2245 2615 2628 2693 manserat,
2685 2607 2911 2681 ceteri
2963 2616 3204 2681 autem
3255 2603 3676 2679 humiditate
3704 2605 3895 2679 adeo
3943 2615 4152 2680 erant
4178 2608 4419 2683 affecti
4467 2621 4535 2685 et

1281 2721 1594 2824 fragileS,
1650 2729 1726 2796 ut
1771 2722 1847 2795 in
1898 2721 2233 2796 manibus
2257 2722 2330 2796 in
2359 2731 2602 2821 partes
2661 2721 3174 2797 dilaberentur.
3283 2723 3720 2796 Samanidici
3770 2747 4081 2796 numero
4137 2728 4306 2812 406,
4336 2728 4535 2803 annis

1278 2841 1683 2913 280-350
1737 2840 2169 2938 (893—961
2228 2864 2298 2938 p.
2382 2837 2547 2914 Chr.
2600 2849 2776 2938 nat.)
2845 2839 3021 2926 cusi,
3072 2838 3540 2938 praecipuam
3616 2837 3933 2913 thesauri
4005 2843 4534 2919 constituebant

1279 2965 1578 3056 partem,
1634 2955 1900 3056 quibus
1950 2955 2256 3030 admixti
2309 2965 2544 3030 erant:
2597 2959 3086 3052 umajjadicm,
3151 2956 3242 3028 19
3292 2954 3690 3042 abbasidici,
3760 2957 3945 3031 intra
3997 2983 4231 3033 annos
4286 2962 4527 3035 236-

1279 3074 1426 3146 334
1481 3074 1915 3170 (850-946
1960 3098 2029 3173 p.
2092 3069 2257 3146 Chr.
2319 3078 2499 3173 nat.)
2528 3073 2805 3174 signati,
2838 3075 2931 3145 12
2963 3074 3340 3159 tahiridici,
3403 3076 3437 3146 1
3492 3076 3965 3172 soffan‘dicus,
4021 3077 4068 3147 2
4120 3075 4530 3172 bulgharici‚

1280 3190 1327 3262 3
1381 3188 1785 3284 buvqjhidici
1836 3198 1909 3265 et
1968 3191 2015 3261 2
2062 3192 2558 3264 hamdanidici.

1587 3366 1665 3440 Si
1715 3364 1900 3439 haec
1961 3366 2127 3440 loca
2168 3370 2324 3465 jam
2377 3365 2685 3468 cognitis
2736 3364 3115 3466 adjeceris,
3192 3391 3479 3441 summa
3531 3391 3812 3455 eorum,
3897 3369 3971 3443 in
4020 3371 4285 3471 quibus
4340 3376 4532 3449 numi

1279 3481 1495 3555 cufici
1542 3481 1727 3556 intra
1780 3482 2090 3557 Sueciae
2143 3483 2327 3557 fines
2386 3482 2627 3557 adhuc
2685 3482 2957 3557 inventi
3007 3493 3191 3568 sunt,
3243 3485 3608 3558 CXLVIII
3659 3484 4035 3562 efficietur.

1581 3672 1718 3748 His
1777 3671 2096 3746 breviter
2147 3671 2566 3772 praemissis
2622 3672 2859 3746 CXIX
2931 3671 3305 3748 dirhemos
3361 3674 3434 3746 in
3489 3673 3757 3746 Suecia
3833 3698 4070 3748 novos
4126 3673 4532 3779 legentibus

1278 3788 1603 3862 offeram.
1706 3786 2074 3863 Numerus
2123 3786 2405 3861 uncinis
2453 3787 2776 3863 inclusus
2822 3786 3205 3862 thesauros
3247 3814 3468 3888 supra
3524 3790 3796 3876 allatoS,
3852 3801 3927 3865 et
3972 3791 4362 3868 asteriscus
4402 3819 4530 3868 nu-

1279 3929 1463 3991 11103,
1519 3903 1661 4004 qui,
1717 3902 1964 4004 quoad
2014 3903 2191 3989 scie,
2250 3902 2581 3977 nondum
2628 3901 2901 4003 publici
2945 3905 3132 4002 juris
3183 3905 3347 3980 facti
3404 3917 3589 3992 sunt,
3648 3905 4012 3981 indicabit.
