4984 6517
1384 537 1560 621 248

1274 765 1428 850 0434
1477 753 1645 852 σῇ).
1749 744 1976 821 Aliud
2029 743 2369 843 ejusdem
2410 743 2581 820 anni
2634 743 3034 845 exemplar,
3086 746 3348 820 Holm.
3402 748 3561 831 170,
3609 746 3792 822 infra
3840 751 4131 848 qufar
4179 748 4416 838 habet,
4468 761 4536 825 et

1275 861 1471 937 aliud
1517 861 1793 938 ibidem
1846 875 2045 963 &eL-³52
2087 897 2177 967 0?
2229 862 2433 965 gerit,
2485 871 2673 938 teste
2726 863 2810 937 cl.
2872 863 3151 949 Solum,
3211 864 3554 938 Zeitschr.
3609 869 3675 938 d.
3732 868 3828 940 D.
3883 870 3991 941 M.
4057 869 4143 941 G.
4227 866 4322 942 1.l.
4376 894 4531 970 pag.

1271 980 1446 1054 401.
1560 981 1686 1078 13)
1735 1006 1797 1055 a.
1863 980 2025 1068 102,
2086 1004 2311 1080 supra
2357 981 2501 1068 Ali,
2552 979 2739 1055 infra
2792 991 2981 1085 ,ηε-ὠ
3039 979 3160 1054 vel
3213 980 3462 1054 forsan
3525 988 3709 1079 pff>
3779 1008 3946 1057 cum
4027 1002 4094 1081 Q
4128 1009 4198 1089 Q
4268 1010 4536 1085 suppo-

1267 1095 1428 1182 sito,
1505 1096 1893 1172 Zeita-hal.
1955 1096 1998 1171 l.
2076 1098 2391 1197 saepius.
2455 1096 2557 1171 Cl.
2614 1097 2848 1173 Dona
2900 1097 2973 1171 in
3027 1097 3433 1197 exemplari
3475 1095 3718 1173 Musei
3765 1100 4065 1176 Asiatici
4115 1100 4233 1176 hic
4287 1110 4396 1205 fn?
4446 1104 4536 1198 (Ρ)

1268 1211 1560 1288 invenit.
1678 1218 1805 1315 14)
1857 1239 1920 1289 a.
1984 1215 2128 1288 183
2178 1213 2468 1317 fragm„
2529 1216 2796 1289 Holm.
2858 1215 3001 1288 183
3045 1239 3207 1317 pag.
3262 1217 3380 1289 50.
3493 1217 3620 1316 15)
3672 1242 3733 1291 a.
3797 1220 3957 1305 184,
4013 1243 4235 1319 supra
4283 1219 4358 1294 in
4410 1223 4533 1295 Ar.

1273 1329 1341 1404 11
1392 1330 1602 1405 adest
1653 1333 1795 1418 Ali,
1850 1329 2040 1406 infra
2111 1333 2573 1407 Ben-Bereka
2631 1357 2797 1407 cum
2877 1355 2940 1433 ξ
3014 1331 3449 1431 subscripto,
3537 1333 3884 1411 anmt
3939 1338 4098 1411 Rec.
4179 1362 4341 1439 pag.
4396 1341 4483 1411 24
4508 1343 4537 1372 ⁸

1270 1445 1354 1521 Ν.
1416 1449 1591 1534 196;
1645 1450 1923 1534 Son-r,
1989 1449 2330 1526 Zeitschr.
2388 1448 2483 1525 Η.
2594 1448 2716 1542 16)
2768 1473 2829 1522 a.
2917 1450 3081 1523 185.
3142 1450 3379 1549 Supra
3452 1454 3612 1537 Ali‚·
3672 1455 3937 1526 Holm.
4002 1456 4145 1527 189
4198 1479 4363 1554 pag.
4418 1457 4533 1528 51.

1279 1566 1405 1662 17)
1454 1590 1515 1638 a.
1578 1568 1720 1640 186
1789 1565 2091 1639 omnino
2143 1591 2309 1641 cum
2363 1564 2448 1640 N.
2516 1567 2608 1639 15
2664 1566 3031 1666 congruit;
3084 1567 3445 1644 Fanum
3499 1571 3661 1643 Rec.
3714 1596 3878 1672 pag.
3939 1572 4082 1646 27·
4133 1570 4215 1644 N.
4271 1573 4421 1645 205
4472 1585 4541 1644 et

1269 1678 1388 1755 hic
1441 1681 1524 1755 N.
1576 1685 1696 1758 28.
1813 1684 1938 1784 18)
2019 1707 2081 1756 a.
2147 1685 2289 1759 187
2372 1708 2593 1783 supra
2677 1683 2818 1768 Ali,
2896 1682 3082 1757 infra
3130 1689 3349 1783 &⁸512ss
3405 1723 3494 1791 ὕ.)
3547 1719 3726 1772 „as-
3804 1691 3979 1782 Seis
4013 1686 4134 1762 ben
4185 1692 4533 1773 el-Tarai,

1267 1799 1564 1876 Fumat«
1611 1799 1704 1875 1.1.
1761 1824 1921 1902 pag.
1983 1800 2150 1882 280,
2204 1798 2288 1875 N.
2347 1801 2519 1874 214.
2636 1800 2762 1894 19)
2825 1825 2889 1874 a.
2954 1803 3120 1886 189,
3176 1825 3397 1901 supra
3478 1807 3602 1878 Ali
3651 1804 3829 1879 infra
3882 1807 4178 1891 el-Qusi,
4258 1808 4531 1879 Holm.

1270 1917 1467 1990 216·
1521 1942 1682 2020 pag.
1736 1919 1908 1993 307.
2015 1920 2151 2019 20)
2212 1943 2275 1992 a.
2340 1919 2504 1998 192.
2561 1942 2783 2018 supra
2832 1921 3233 1993 Horthuma
3287 1918 3473 1994 infra
3526 1927 3728 2019 μω,
3784 1922 3902 1997 hic
3954 1922 4038 1997 N.
4093 1925 4210 1997 32.
4317 1921 4535 1996 Aliud

1270 2034 1606 2132 ejusdem
1664 2035 1833 2109 anni
1886 2033 2071 2108 infra
2120 2031 2343 2108 habet
2399 2037 2492 2109 el·
2506 2036 2696 2122 ρειαί,
2772 2037 3128 2112 Tchssn
3207 2041 3289 2111 de
3336 2038 3741 2135 defectibus,
3831 2064 3990 2139 pag.
4050 2043 4166 2113 81.
4278 2042 4414 2141 21)
4466 2067 4524 2112 a.

1283 2153 1445 2238 193,
1500 2177 1723 2252 supra
1779 2152 2180 2226 Hor-thama
2234 2151 2356 2226 ben
2406 2153 2623 2250 Ajan‚
2679 2152 2865 2228 infra
2917 2153 3039 2227 ben
3090 2157 3278 2227 Bekr
3325 2157 3443 2253 (=
3490 2147 3593 2254 (ἑὲ
3649 2157 3713 2256 ἲ)
3761 2180 3925 2228 cum
3996 2175 4059 2248 <e
4132 2156 4533 2255 subposito,

1271 2267 1356 2342 cl.
1413 2269 1667 2355 Domi,
1735 2269 2078 2343 Zeitschr.
2132 2267 2226 2343 l.l.
2334 2268 2741 2345 Fraehnius
2794 2270 2865 2344 in
2912 2269 3156 2344 indice
3207 2271 3688 2346 Recensionis
3722 2269 3913 2346 hunc
3943 2272 4240 2374 quidem
4268 2297 4533 2346 annum

1268 2386 1342 2460 in
1386 2386 1580 2460 serie
1634 2383 2133 2459 dirhemorum
2186 2383 2404 2484 hujus
2451 2386 2657 2461 urbis
2723 2386 2965 2472 refert,
3021 2395 3093 2461 at
3148 2387 3222 2461 in
3292 2389 3450 2487 ipsa
3498 2390 3991 2490 descriptione
4045 2415 4213 2464 eum
4267 2391 4526 2464 omisit.

1265 2505 1403 2601 ’22)
1452 2529 1514 2577 a.
1577 2504 1740 2589 194,
1790 2501 1976 2576 infra
2044 2503 2331 2589 Zulm‘r,
2382 2504 2741 2581 FnAEmm
2796 2506 2959 2580 Rec.
3036 2528 3196 2604 pag.
3256 2505 3408 2591 5··,
3460 2504 3543 2580 N.
3596 2506 3765 2579 263.
3871 2507 4004 2606 23)
4055 2532 4114 2580 a.
4175 2507 4532 2606 ejusdem,

1269 2631 1340 2696 at
1386 2620 1570 2695 infra
1620 2620 1966 2695 el-Fadhl
2005 2628 2264 2706 exstat,
2319 2622 2408 2693 H
2411 2623 2585 2695 olm.
2638 2618 2722 2694 N.
2780 2623 2948 2695 244.
2982 2646 3143 2724 pag.
3198 2623 3316 2709 64,
3370 2621 3451 2696 N.
3481 2623 3630 2695 243
3669 2622 3940 2697 ibidem
3972 2624 4271 2699 nomine
4314 2634 4534 2700 caret.

1271 2740 1403 2841 24)
1450 2762 1513 2812 a.
1576 2739 1739 2823 196,
1784 2735 1972 2812 infra
2020 2739 2373 2826 el-Fadhl,
2423 2741 2693 2814 Halm.
2749 2737 2833 2813 N.
2889 2741 3040 2813 265
3099 2764 3262 2842 pag.
3321 2740 3436 2816 70.
3547 2740 3681 2841 25)
3732 2766 3792 2814 a.
3850 2741 3990 2814 201
4032 2742 4105 2815 in
4152 2745 4283 2816 Ar.
4334 2744 4369 2816 I
4415 2741 4533 2817 inf.

1269 2860 1554 2962 &natast
1606 2863 1684 2948 ,ὁ
1723 2884 2085 2957 possessor
2137 2869 2500 2955 utriusque
2544 2869 2823 2960 imperii
2870 2858 2912 2931 i.
2969 2882 3032 2932 e.
3090 2860 3433 2933 el-Fadhl
3471 2857 3593 2931 ben
3649 2861 3863 2942 Sahl;
3932 2861 4013 2931 H
4019 2892 4054 2931 o
4071 2862 4192 2932 lm.
4243 2858 4328 2934 N.
4385 2861 4535 2933 299

1273 2999 1341 3074 p.
1401 2973 1518 3048 77.
1624 2974 1757 3074 26)
1802 2998 1864 3047 a.
1911 2974 2082 3059 204,
2131 2998 2353 3073 supra
2403 2975 2718 3064 Hau-dn,
2767 2973 2954 3050 infra
3000 2976 3322 3062 el-Leitlg
3376 2978 3644 3050 Holm.
3705 2977 3843 3049 311
3896 3000 4057 3074 pag.
4118 2978 4233 3052 79.

1572 3155 1689 3229 En
1740 3154 2009 3229 seriem
2068 3177 2461 3228 numorum
2510 3153 3055 3228 Abbasidarum
3118 3151 3541 3228 notabilium
3596 3151 3792 3226 haud
3845 3154 4369 3252 spernendam!
4452 3155 4535 3228 In

1265 3281 1458 3346 tanta
1504 3272 1902 3358 nominum,
1956 3295 2144 3372 quae
2195 3268 2313 3345 hic
2366 3270 2683 3357 obvenit,
2762 3270 3126 3357 varietate,
3177 3270 3252 3344 id
3303 3269 3656 3368 imprimis
3718 3270 3886 3344 mihi
3968 3270 4369 3344 tenendum
4429 3272 4537 3344 vi·-

1270 3389 1500 3480 detur,
1550 3389 1612 3463 si
1666 3414 1890 3464 unum
1944 3388 2173 3462 modo
2227 3412 2501 3462 nomen
2558 3388 2933 3488 proprium
2986 3387 3062 3462 in
3121 3385 3454 3461 dirhemo
3508 3386 3734 3472 adest,
3811 3387 3887 3461 id
3942 3388 4355 3489 significare
4410 3398 4534 3462 aut

1269 3506 1693 3606 provinciae
1745 3505 2215 3607 praefectum,
2271 3514 2396 3579 aut
2419 3514 2762 3580 monetae
2790 3504 3223 3606 praesidem,
3283 3504 3344 3577 si
3389 3503 3540 3578 duo
3569 3513 3809 3578 autem
3841 3515 4150 3589 exstant,
4206 3505 4534 3590 alterum,

1271 3622 1472 3723 quod
1502 3647 1725 3722 supra
1785 3633 1912 3708 est,
1969 3647 2135 3696 esse
2163 3621 2695 3723 gubernatoris,
2751 3623 3076 3707 alterum,
3129 3621 3202 3695 in
3229 3621 3474 3695 infima
3525 3646 3624 3695 ar.
3678 3622 3748 3696 11
3799 3621 4138 3722 positum,
4192 3632 4538 3696 monetae

1267 3740 1834 3825 moderatorem,
1884 3761 2325 3839 quamquam
2351 3739 2423 3813 in
2477 3763 2562 3813 re
2618 3746 2763 3812 tam
2793 3738 3131 3825 obscura,
3189 3762 3415 3840 quum
3446 3736 3540 3811 ab
3592 3735 3889 3812 historia
3922 3738 4349 3837 saepissime
4402 3739 4538 3813 de·-

1264 3856 1641 3941 stituimur,
1696 3855 2178 3955 exceptiones
2227 3880 2377 3930 non
2431 3854 2645 3930 valde
2699 3854 3075 3929 offendant
3127 3863 3433 3954 oportet,
3494 3854 3683 3928 sicut
3717 3856 3792 3929 in
3841 3853 3925 3929 N.
3991 3857 4102 3940 12,
4164 3855 4289 3930 ubi
4340 3858 4538 3954 Dja-

1239 3976 1416 4070 far,
1468 3981 1808 4048 monetae
1885 3972 2170 4072 imperii
2234 3971 2668 4073 praefectus
2750 3971 2996 4046 locum
3049 3979 3248 4045 tenet
3322 3971 3678 4071 praesidis
3753 3972 4174 4071 provinciae
4226 3981 4300 4046 et
4346 3972 4540 4047 infra

1262 4089 1526 4190 legitur
1573 4093 1789 4164 Jezid
1827 4089 1983 4164 sive
2037 4096 2387 4191 quaestor
2460 4082 2657 4204 (553
2728 4093 3002 4187 Ψ,,,.·υιι·)
3078 4088 3233 4163 sive
3302 4089 3539 4163 numis
3594 4088 3951 4165 cudendis
4033 4097 4281 4164 custos
4356 4089 4540 4165 sub-

1265 4207 1696 4307 praefectus.
1807 4206 2033 4300 Quod
2085 4207 2144 4282 si
2204 4215 2407 4281 recte
2480 4212 2825 4291 statuero,
2908 4230 3058 4280 non
3136 4231 3394 4280 caussa
3462 4207 3617 4292 erit,
3693 4231 3827 4281 cur
3878 4206 4027 4281 duo
4083 4208 4400 4294 nomina,
4460 4221 4540 4283 ut

1265 4350 1490 4425 saepe
1544 4325 1810 4400 factum
1865 4350 2032 4401 esse
2083 4323 2417 4409 vidimuS,
2488 4321 2562 4396 in
2617 4347 2842 4397 unum
2894 4326 3447 4425 conjungamus
3501 4323 3637 4397 sed
3688 4325 3948 4424 potius,
4002 4334 4081 4399 ut
4144 4324 4216 4399 in
4271 4323 4357 4400 N.
4415 4327 4534 4412 15,

1273 4442 1383 4526 17,
1443 4445 1554 4529 18,
1617 4444 1710 4516 19
1791 4442 2064 4550 optime
2116 4439 2452 4525 elucebit,
2530 4464 2620 4514 ea
2684 4444 3178 4541 sejungamus.
3277 4440 3362 4513 In
3413 4438 3526 4516 his
3579 4441 3775 4515 enim
3851 4444 3977 4516 Ali
4024 4440 4157 4516 fuit
4236 4445 4363 4519 Ali
4412 4442 4537 4516 ibn

1264 4561 1387 4631 Isa
1437 4557 1559 4632 ben
1611 4560 1907 4646 Mahan,
1961 4555 2443 4632 Khorasanae
2479 4580 2800 4656 praeses,
2856 4556 2973 4630 cui
3022 4555 3398 4656 provincia
3448 4557 3880 4655 Sedjestana
3919 4584 4143 4658 saepe
4194 4559 4541 4657 subjecta

1263 4673 1486 4748 fuisse
1539 4674 1844 4749 videtur.
1928 4673 2362 4749 Ibn-Bereka
2385 4681 2649 4759 autem,
2704 4673 2882 4770 Sezf
2918 4676 3007 4749 el·
3023 4676 3253 4746 Tar-ai
3298 4682 3371 4748 et
3424 4676 3517 4749 el·
3530 4676 3707 4760 Qus-i
3765 4686 4106 4751 monetae
4142 4675 4541 4751 cudendae

1261 4791 1676 4889 praepositi,
1725 4790 1860 4876 vel,
1914 4791 1978 4865 si
2029 4789 2276 4876 mavis,
2353 4788 2680 4890 regionis
2756 4798 3186 4890 quaestores
3240 4792 3562 4889 supremi
3615 4792 3928 4868 fuerunt.
4037 4793 4158 4868 De
4209 4793 4538 4868 vocibus

1267 4931 1449 4980 vero
1502 4917 1686 5006 ,ηε-Δ
1742 4908 1817 4982 in
1868 4905 1952 4980 N.
2015 4908 2105 4982 13
2160 4914 2234 4981 et
2290 4911 2454 5007 ,abi
2514 4906 2589 4979 in
2641 4903 2725 4979 N.
2761 4906 2860 4980 20
2915 4905 3334 4981 difficillima
3372 4908 3602 4982 oritur
3656 4910 4010 5009 quaestio,
4062 4919 4302 4986 utrum
4359 4936 4541 4985 cum

1264 5022 1352 5097 cl.
1407 5023 1841 5111 S'nclnmo,
1894 5025 1969 5098 in
2031 5024 2378 5099 Zeitschr.
2430 5020 2524 5097 l.l.
2580 5050 2706 5099 eas
2760 5024 3084 5099 valorem
3138 5023 3419 5125 argenti
3472 5025 3847 5123 optimum,
3913 5052 4007 5102 an
4065 5028 4365 5103 nomina
4422 5030 4541 5103 vi-

1260 5166 1513 5216 rorum
1568 5141 1865 5243 propria
1891 5148 2148 5216 notare
2197 5138 2490 5213 habeas.
2595 5141 2678 5214 In
2732 5140 3220 5241 posteriorem
3273 5141 3700 5239 opinionem
3744 5143 3919 5219 ideo
3973 5144 4265 5232 inclino,
4320 5146 4541 5246 quod

1258 5258 1331 5336 in
1390 5259 1523 5334 Ar.
1578 5260 1646 5334 11
1695 5256 1816 5334 ins.
1877 5253 2140 5332 horum
2197 5254 2697 5334 dirhemorum
2752 5257 2890 5334 viri
2936 5280 3212 5335 nomen
3243 5254 3679 5362 plerumque
3709 5261 4223 5364 conspicimus,
4276 5286 4541 5365 neque
