4984 6517
1357 561 1529 647 332

1250 765 1850 871 ovato-elliptica,
1904 769 1977 846 in
2012 770 2401 872 scaphidiis
2449 772 2682 848 dense
2740 779 3150 873 compacta,
3203 769 3342 846 filis
3395 770 4002 874 paraphysoideis
4050 771 4521 873 paucioribus

1251 911 1625 988 parceque
1669 888 1977 963 ramosis
2029 889 2486 977 circumdati3
2553 888 2953 966 antheridia
3010 914 3178 964 cum
3245 889 3384 967 filis
3429 889 4036 993 paraphysoideis
4076 891 4263 966 inter
4305 915 4526 965 ascos

1256 1014 1671 1105 compacta,
1722 1004 1860 1080 hos
1912 1006 2120 1106 quasi
2170 1006 2240 1081 in
2292 1006 2554 1083 loculis
2607 1005 3068 1082 includentia.

1563 1147 1811 1223 Differt
1866 1150 2000 1252 hoc
2049 1178 2301 1248 genus,
2354 1166 2520 1254 typo
2581 1151 3042 1255 Cystophorae
3094 1151 3390 1227 Sonderi
3439 1153 3505 1227 J.
3563 1154 3700 1253 Ag.
3759 1156 4134 1245 fundatum,
4165 1153 4523 1228 aBlosse-

1258 1270 1453 1344 villea
1509 1271 1891 1367 ceterisque
1940 1269 2248 1342 affinibus
2299 1271 2687 1344 evolutione
2731 1269 3116 1372 systematis
3160 1275 3517 1371 vegetativi
3573 1273 4104 1372 morphologica.
4207 1272 4340 1347 Est
4397 1275 4530 1345 sci-

1260 1388 1418 1460 licet
1474 1413 1595 1459 sua
1646 1389 1902 1485 origine
1959 1387 2182 1485 planta
2235 1386 2462 1459 solium
2529 1390 3358 1488 plano-membranaceum
3411 1392 3870 1490 pinnatifidum
3925 1392 4195 1465 rachide
4241 1393 4531 1464 laciniis-

1263 1531 1399 1605 que
1454 1505 1751 1578 costatis.
1858 1501 2019 1576 Hoc
2070 1504 2297 1576 solium
2351 1532 2437 1579 eo
2492 1520 2968 1581 transmutatur
3017 1508 3257 1594 modo,
3306 1523 3379 1581 ut
3429 1513 3579 1609 ipsa
3630 1509 3849 1583 rachis
3901 1507 4155 1582 inferne
4196 1513 4530 1582 incrasse-

1262 1637 1370 1698 tur
1421 1634 1489 1696 et
1542 1649 1837 1721 superne
1894 1624 2133 1695 eximie
2189 1635 2586 1697 extenuetur
2638 1638 2843 1723 atque
2899 1627 3344 1725 prolongetur
3404 1640 3471 1701 et
3523 1629 3719 1726 apice
3772 1625 4063 1724 denique
4121 1626 4293 1698 soliis
4346 1626 4424 1708 l.,
4476 1627 4532 1697 si

1264 1743 1496 1827 mavis,
1522 1741 1790 1813 ramulis
1843 1738 2259 1813 filisormibus
2289 1741 3011 1842 dichotomo-pinnatis
3065 1758 3370 1828 ornetur;
3425 1746 3679 1817 laciniae
3735 1745 4040 1818 laterales
4096 1743 4230 1815 solii
4285 1746 4524 1841 pinna-

1265 1858 1430 1933 tifidi
1504 1861 1798 1958 primarii
1852 1870 1964 1930 aut
2019 1856 2265 1932 eodem
2335 1860 2542 1932 modo
2602 1863 2665 1934 in
2726 1888 2985 1948 ramos,
3039 1863 3191 1934 solia
3247 1862 3572 1934 filisormia
3619 1876 3972 1960 gerentes,
4022 1864 4532 1962 prolongantur,

1268 1993 1412 2064 aut,
1477 1977 1752 2050 rachide
1824 1979 1890 2050 in
1968 1979 2192 2075 ipsum
2251 1977 2512 2050 caulem
2574 1991 3040 2064 transmutata,
3095 1983 3157 2052 in
3212 1979 3348 2052 hoc
3402 1980 3602 2052 veluti
3650 1980 3802 2053 solia
3851 1982 4174 2079 simplicia
4228 1978 4526 2077 oblonga

1269 2111 1340 2172 et
1385 2103 1641 2170 costata
1692 2120 1818 2192 pro
1873 2107 2183 2192 tempore
2236 2095 2533 2193 quodam
2593 2110 2974 2184 remanent,
3016 2096 3307 2196 denique
3362 2096 3778 2195 dejiciendae.
3866 2096 4014 2171 Has
4067 2110 4287 2170 autem
4339 2110 4536 2169 notas

1272 2215 1357 2288 ad
1446 2240 1664 2313 genus
1764 2210 2194 2285 condendum
2284 2239 2418 2284 non
2513 2215 2822 2288 sufficere
2902 2217 3164 2313 putabit
3241 2215 3464 2288 forsan
3557 2218 3920 2315 quispiam,
3998 2218 4110 2315 qui
4187 2241 4538 2289 numerum

1274 2359 1601 2434 generum
1676 2356 1812 2402 non
1868 2341 2146 2442 auctum
2187 2333 2548 2429 cupiverit3
2630 2346 2694 2405 at
2756 2334 2954 2404 multa
3007 2334 3127 2404 alia
3181 2358 3432 2430 genera
3501 2336 3844 2432 principiis
3898 2334 4301 2407 firmioribus
4355 2332 4535 2405 haud

1273 2455 1600 2537 nituntur,
1654 2476 1715 2520 v.
1770 2476 1829 2521 c.
1879 2446 2253 2534 Postelsia,
2311 2447 2675 2535 Lessonia‚
2730 2449 3146 2537 Fucodium,
3208 2449 3443 2523 Fucus
3498 2452 3838 2549 multaque
3889 2453 4045 2539 alia,
4093 2465 4161 2525 et
4189 2452 4277 2526 de
4308 2464 4540 2525 cetero

1276 2596 1411 2642 non
1488 2569 1706 2640 minus
1750 2570 1813 2640 in
1861 2567 2228 2665 generibus
2283 2565 2769 2666 distinguendis
2828 2595 3028 2668 quam
3096 2571 3158 2640 in
3212 2570 3578 2666 speciebus
3636 2568 3985 2641 limitandis
4034 2571 4172 2668 ipsi
4218 2572 4314 2643 rei
4371 2596 4538 2641 con·

1280 2687 1404 2758 suli
1460 2687 1661 2758 nobis
1728 2699 1836 2759 est
1890 2710 2314 2783 persuasum.

1699 2879 1759 2947 1.
1804 2875 2450 2950 ‘anormcns
2504 2875 2851 2952 Sounnm
2903 2878 2973 2951 J.
3029 2878 3169 2975 Ag.
3220 2880 3262 2952 I.
3320 2909 3374 2953 c.
3413 2909 3496 2980 p.
3549 2883 3701 2955 247.

1591 3008 1817 3084 Caule
1870 3008 2029 3083 basi
2079 3009 2223 3083 lato
2282 3034 2712 3109 compresso
2766 3036 2811 3086 e
2862 3012 3187 3114 margine
3246 3037 3492 3088 ramos
3549 3013 3930 3114 elongatos
3979 3010 4378 3095 emittente,
4439 3033 4556 3083 ra-

1285 3129 1423 3205 mis
1489 3125 2086 3229 tereti-angulatis
2137 3126 2295 3203 basi
2361 3126 2809 3202 nudiusculis
2860 3128 2904 3204 l.
2961 3130 3325 3204 muricatis
3381 3154 3701 3231 superne
3756 3129 4074 3230 undique
4126 3125 4556 3212 ramulosis‚

1286 3246 1583 3325 ramulis
1629 3245 1985 3346 elongatis
2039 3243 2360 3345 undique
2410 3243 2674 3320 iterum
2729 3270 2865 3345 per
2900 3255 3125 3322 totam
3179 3247 3706 3350 longitudinem
3736 3246 4173 3332 ramellosis‚
4227 3243 4552 3318 ramellis

1286 3363 1749 3441 filiformibus
1821 3360 2622 3461 dichotomo-pinnatiS,
2675 3365 3151 3464 receptaculis
3203 3365 3495 3443 minutis
3548 3367 3778 3442 ovatis
3825 3366 3867 3439 1.
3923 3362 4558 3463 ovato-oblongiS‚

1289 3482 1632 3560 vesiculis
1684 3476 2576 3579 elliptico-subsphaericis
2622 3479 3026 3582 apiculatis,
3081 3483 3407 3584 utrisque
3450 3483 3542 3558 ad
3597 3483 3940 3558 ramellos
3986 3479 4453 3581 pedicellatis.

1601 3623 1718 3699 Ad
1771 3625 1987 3696 littora
2038 3625 2223 3695 sinus
2272 3619 2446 3694 Port
2492 3620 2742 3721 Phillip
2784 3650 2919 3695 non
2972 3623 3359 3721 infrequens
3389 3637 3456 3696 et
3484 3626 3826 3723 plerisque
3856 3623 4162 3695 affinibus
4190 3622 4566 3719 speciebus

1294 3743 1443 3819 fere
1496 3743 1931 3841 frequentior.

1601 3874 1937 3948 Mirabilis
2003 3900 2166 3946 sane
2239 3874 2462 3971 planta
2549 3886 2615 3947 et
2678 3877 2742 3946 in
2811 3874 3096 3948 diversis
3149 3877 3552 3948 evolutionis
3605 3874 3836 3949 stadiis
3885 3875 4119 3947 formae
4175 3887 4307 3945 tam
4360 3874 4573 3944 variae

1296 4011 1568 4094 tamque
1622 3993 2041 4090 decipientis,
2099 4004 2173 4061 ut
2224 3993 2333 4062 vix
2386 3992 2510 4062 nisi
2569 4017 2832 4063 summo
2887 3992 3109 4064 studio
3168 4019 3566 4091 summaque
3622 3991 4006 4065 difficultate
4059 4004 4245 4065 recte
4288 3990 4572 4087 intelligi

1299 4115 1519 4214 possit
1648 4109 1954 4194 Formae,
2009 4134 2177 4206 quas
2224 4108 2481 4194 haben,
2535 4111 2819 4182 seorsim
2870 4109 3006 4182 hoc
3057 4111 3213 4184 loco
3270 4112 3661 4184 describere
3709 4115 3772 4185 in
3808 4114 4028 4184 animo
4066 4122 4204 4193 est,
4260 4133 4401 4205 quo
4434 4107 4574 4177 cla·

1299 4236 1436 4306 rior
1490 4232 1574 4303 sit
1627 4231 1840 4327 ipsius
1900 4224 2145 4326 plantae
2202 4226 2712 4324 morphologica
2767 4228 3084 4299 evolutio.

1604 4369 1875 4441 Forma
1955 4395 2035 4451 a,
2114 4369 2361 4463 junior:
2441 4394 2481 4441 e
2538 4368 2708 4438 callo
2763 4368 3032 4441 radicali
3087 4381 3492 4466 exsurgunt:
3561 4374 3736 4441 hmo
3792 4368 4018 4440 solium
4074 4364 4579 4465 pinnatifidum,

1304 4490 1575 4566 rachide
1623 4489 1849 4560 lineari
1904 4497 1971 4560 et
2015 4486 2265 4557 laciniis
2319 4485 2638 4583 oblongis
2665 4487 3547 4561 membranaceo-coriaceis
3577 4488 3884 4570 costatis3
3937 4484 4101 4556 2:do
4132 4483 4364 4555 folium
4391 4487 4582 4578 ejus·

1303 4611 1459 4683 dem
1545 4605 1813 4689 formai,
1890 4603 2145 4676 inferne
2219 4602 2474 4675 scilicet
2548 4602 2798 4674 laciniis
2852 4604 2977 4676 illis
3030 4602 3451 4701 simplicibus
3504 4606 3543 4676 l.
3595 4605 3825 4676 divisis
3880 4615 4219 4688 ornatum,
4275 4627 4583 4698 superne

1276 4753 1470 4801 .vero
1523 4722 1797 4797 rachide
1865 4725 2058 4820 apice
2110 4721 2417 4818 elongata
2480 4733 2547 4793 et
2600 4731 2965 4806 attenuata,
3019 4723 3332 4819 utrinque
3391 4727 3590 4795 ramis
3645 4722 4063 4793 filisormibus
4117 4718 4460 4792 multitidis
4516 4721 4587 4790 in

1306 4847 1604 4942 margine
1659 4852 1889 4912 ornata
1968 4839 2116 4933 (εἴη
2172 4837 2235 4910 F
2241 4864 2344 4909 uc.
2404 4837 2782 4935 decipiens,
2832 4836 3044 4910 Turn.
3097 4835 3273 4911 Hist.
3332 4837 3392 4911 F
3396 4866 3502 4911 uc.
3559 4852 3603 4912 t.
3670 4840 3813 4912 166
3873 4840 3981 4937 fig.
4034 4841 4099 4912 b.
4146 4864 4448 4936 superne
4497 4837 4590 4908 ad

1309 4964 1707 5056 sinistram);
1790 4959 1951 5030 3:60
2032 4955 2218 5027 frons
2289 4955 2744 5053 8-pollicaris‚
2829 4959 3021 5051 cujus
3094 4956 3301 5028 caulis
3391 4959 3747 5055 primarius
3799 4957 4053 5029 inferne
4107 4959 4594 5055 complanato-

1312 5082 1632 5155 soliaceus
1684 5089 2004 5160 costatus,
2069 5074 2202 5147 2-3
2254 5073 2460 5145 lineas
2505 5069 2676 5145 latus
2731 5075 2848 5166 (=
2903 5072 3121 5145 rachis
3177 5076 3376 5170 igitur
3405 5074 3936 5172 foliipiunatifidi
3991 5075 4352 5172 primarii),
4409 5100 4597 5145 mar-

1311 5203 1467 5298 gine
1522 5195 1831 5268 dentatus
1901 5192 2190 5289 (scilicet
2240 5203 2526 5290 propter
2580 5191 2844 5263 lacinias
2889 5190 3031 5263 solii
3085 5191 3446 5289 pinnatifidi
3508 5195 3798 5289 primarii
3860 5193 4228 5288 dejectas),
4284 5219 4601 5290 superne

1312 5317 1563 5390 sensim
1644 5325 1825 5385 teres
1903 5310 2201 5384 evadens
2284 5310 2674 5406 ibidemque
2736 5312 2934 5380 ramis
2986 5308 3279 5405 undique
3331 5312 3631 5382 vestitus.
3743 5310 3943 5382 Rami
4023 5310 4614 5407 1-3-pollicareS‚
