4984 6517
1306 565 1433 648 44

1199 788 1259 854 6.
1388 778 1469 852 L.
1529 801 1885 855 rmum.
1993 779 2209 856 Berk.
2263 779 2339 855 in
2387 778 2624 854 Lond.
2675 776 2818 854 Bot
2891 781 3145 857 Journ.
3203 787 3263 857 4.
3295 802 3386 882 p.
3443 783 3616 857 ⁴46?

1502 920 1585 995 Iu
1636 944 1868 1024 regno
1913 919 2340 1009 Mexicano,
2395 944 2564 996 cum
2607 923 3130 1022 praecedente,
3183 922 3320 1000 sed
3370 922 3669 1025 specim.
3725 920 4166 1026 ambiguum.

1197 1070 1259 1136 7.
1385 1062 1468 1138 L.
1524 1060 2052 1162 (Sunnnosss)
2102 1085 2474 1139 mussms.
2581 1061 2823 1163 Epicr.
2894 1089 2962 1165 p.
3025 1072 3164 1139 405.
3261 1067 3336 1140 V.
3383 1064 3755 1163 glabr-ata,
3834 1061 4436 1166 peltato-adnata,

1401 1179 2137 1284 wherososscofiacea
2154 1239 2172 1267 ,
2225 1178 2682 1282 glaberrima,
2735 1181 2929 1256 circa
2974 1181 3338 1285 margines
3369 1181 3853 1272 concentrice
3876 1183 4151 1259 sulcata
4174 1179 4438 1284 pallide

1406 1298 1739 1376 umbrina
1759 1358 1777 1386 ,
1831 1307 2181 1374 contextu
2231 1300 2559 1374 floccoso
2611 1298 2999 1400 pallidiori,
3071 1299 3373 1377 lamellis
3435 1300 3697 1378 strictis
3772 1300 3932 1379 latis
3994 1299 4439 1403 simplicibus

1404 1414 2031 1505 fusco-umbriniS,
2085 1416 2377 1526 alternis
2431 1416 2834 1493 dimidiatis.

1499 1565 1585 1640 ln
1634 1562 1932 1640 Mexico
1987 1561 2082 1639 ad
2132 1571 2450 1639 truncos.

1390 1681 1405 1698 .
1499 1710 1711 1785 More
1763 1713 1987 1811 stirpis
2037 1711 2183 1784 basi
2235 1722 2580 1809 angustata
2632 1708 3195 1810 peltato-adnata,
3248 1719 3315 1781 at
3364 1711 3474 1783 vix
3528 1710 3853 1810 stipitata,
3905 1712 4205 1788 lamellae
4262 1715 4436 1788 enim

1404 1856 1618 1930 usque
1670 1830 1756 1904 ad
1806 1832 1997 1904 basin
2046 1831 2219 1902 linea
2269 1841 2453 1902 recta
2503 1839 2886 1929 porrectam
2939 1828 3392 1901 decurrentes.
3516 1825 3751 1904 Pileus
3832 1830 4232 1930 reliquarum
4300 1828 4435 1906 Su-

1406 1950 1796 2023 berosarum
1853 1949 2145 2035 mollior,
2193 1953 2376 2020 2—3
2428 1973 2576 2019 unc.
2625 1945 2830 2034 latus,
2912 1946 3269 2045 superficie
3320 1948 3587 2046 glabra,
3644 1949 3768 2022 sed
3823 1976 4072 2049 opaca,
4120 1952 4436 2050 inaequa-

1403 2067 1563 2154 tilis,
1616 2070 1913 2167 margine
1967 2079 2184 2140 acuto.
2286 2062 2631 2139 Lamellae
2689 2062 3165 2138 Coriacearum
3232 2068 3447 2164 magis
3517 2067 3802 2155 similes,
3873 2068 4077 2156 latae,
4149 2069 4438 2144 subsim-

1406 2186 1653 2285 plices‚
1703 2188 2012 2259 immixtis
2059 2185 2278 2258 multis
2328 2182 2712 2270 dimidiatis,
2756 2195 3024 2270 acutae,
3076 2182 3163 2254 ad
3214 2184 3420 2258 latera
3470 2184 3876 2284 pallidiores.
3982 2185 4053 2259 A
4108 2187 4321 2261 forma
4371 2191 4436 2261 in

1402 2301 1697 2404 Epicrisi
1771 2303 2110 2403 descripta
2183 2304 2458 2376 multum
2529 2301 2793 2375 differre
2844 2300 3137 2389 videtur,
3191 2315 3256 2373 at
3305 2330 3441 2376 non
3504 2302 3737 2377 dubito
3803 2304 4107 2402 ejusdem
4158 2305 4438 2380 sormam

1402 2424 1641 2497 sistere
1694 2422 2083 2495 adultiorem
2135 2423 2426 2521 indeque
2454 2421 2865 2521 ,glabratam
2919 2463 3014 2476 —
3068 2419 3155 2493 L.
3203 2431 3571 2494 πιθήσαντα
3619 2419 3844 2495 Mont.
3896 2421 4091 2498 Cent.
4117 2422 4241 2499 IV.
4265 2454 4329 2501 n.
4357 2434 4444 2500 78

1404 2539 1729 2614 concolor
1778 2540 2079 2641 quidem,
2130 2554 2199 2614 at
2244 2541 2546 2641 pluribus
2597 2541 2805 2612 notis:
2863 2538 3085 2638 stipite
3128 2540 3454 2627 verticuli,
3505 2539 3686 2640 pileo
3736 2544 3999 2641 integro
4056 2543 4437 2617 umbilicato

1405 2659 2081 2759 striguloso-zonato,
2132 2659 2409 2734 lamellis
2463 2659 3113 2732 anastomosantibus
3173 2659 3720 2735 dentato-laceris
3774 2661 4041 2737 abunde
4082 2660 4365 2736 diversa.

1202 2843 1262 2908 8.
1393 2834 1476 2909 L.
1544 2835 2066 2935 (Conuenit)
2131 2857 2449 2911 Assum.
2563 2833 2807 2935 Epicr.
2877 2858 2946 2935 p.
3016 2841 3158 2911 iso.
3278 2832 3657 2910 Daedalea
3731 2857 4011 2934 aspera.
4085 2832 4437 2909 Hotaesch.

1193 4323 1252 4387 9.

1405 2954 1609 3028 Berk.
1657 2966 1730 3028 in
1785 2954 1973 3028 Ann.
2029 2955 2202 3029 Nat.
2249 2954 2425 3029 Hist
2485 2961 2670 3030 1859.
2712 2981 2798 3056 p.
2849 2960 2992 3029 381.

1503 3087 1587 3161 In
1634 3084 1886 3161 insulis
1931 3083 2601 3161 Nikobariensibus.
2708 3085 2922 3186 Spec.
2976 3110 3019 3161 a
3070 3084 3281 3163 tineis
3330 3085 3599 3165 misere
3647 3088 3996 3167 infestata.

1499 3226 1697 3303 Pileo
1757 3228 2534 3329 spongioso-suberoso,
2582 3254 2761 3300 nunc
2809 3227 3058 3314 sessili,
3108 3255 3285 3301 nunc
3334 3229 3399 3301 in
3453 3229 3644 3302 basin
3692 3229 4009 3329 peltatam
4068 3230 4434 3332 producto,

1403 3349 1489 3421 ab
1541 3349 1850 3421 omnibus
1899 3346 2096 3420 valde
2138 3345 2355 3420 differt
2405 3358 2473 3420 et
2511 3346 2917 3446 peculiarem
2969 3348 3248 3447 stirpem
3298 3348 3602 3447 praebet.
3703 3346 3835 3421 Est
3884 3377 4094 3449 porro
4136 3353 4225 3424 ita
4270 3378 4433 3452 pro·

1404 3478 1531 3552 tea,
1581 3476 1654 3537 ut
1704 3464 1931 3563 plures
1969 3465 2288 3563 colligere
2341 3465 2610 3564 species
2656 3463 2849 3537 facile
2901 3465 3114 3565 fingas
3158 3464 3426 3568 (Lens.
3462 3466 3925 3568 platyphylla
3973 3466 4255 3543 Leveill.
4308 3472 4348 3544 l.
4377 3496 4434 3544 c.

1402 3611 1470 3683 p.
1522 3588 1646 3656 ⁴79
1701 3581 1874 3654 nulla
1926 3596 2084 3654 nota
2135 3581 2454 3676 recedit),
2523 3581 2648 3656 sed
2718 3583 3121 3670 substantia,
3187 3583 3369 3683 pileo
3423 3584 3733 3660 obsolete
3784 3599 4064 3676 zonato,
4127 3587 4434 3663 lamellis·

1403 3727 1536 3801 que
1583 3701 1915 3772 latissimis
1984 3727 2256 3800 semper
2324 3700 2515 3773 facile
2567 3699 2998 3798 dignoscitur.
3113 3696 3270 3773 Alia
3321 3701 3533 3774 forma
3597 3707 3810 3803 magis
3873 3707 3973 3779 D.
4029 3703 4434 3793 betulinam,

1405 3819 1527 3890 alia
1581 3819 1678 3890 D.
1735 3827 2128 3917 quercinum
2179 3818 2400 3892 refert.
2507 3817 2625 3890 Illa
2678 3820 2970 3906 tenuior,
3022 3830 3159 3891 tota
3205 3821 3387 3909 alba,
3438 3820 3716 3895 lamellis
3757 3823 4172 3923 simplicibus
4202 3825 4434 3899 dicho-

1399 3939 1766 4035 tomisque,
1815 3937 2124 4009 immixtis
2197 3936 2661 4020 brevioribus;
2729 3935 2900 4010 haec
2970 3942 3215 4035 major,
3291 3939 4042 4040 alanum-pallescens,
4127 3943 4433 4018 distincte

1401 4057 1828 4129 concentrice
1878 4055 2130 4127 sulcata
2180 4056 2532 4153 magisque
2578 4053 3229 4138 floccoso-scabrida
3286 4058 3791 4160 soveolataque,
3851 4061 4130 4136 lamellis
4209 4063 4276 4135 in
4343 4063 4432 4135 si-

1393 4199 1521 4246 nus
1575 4172 1928 4273 elongatos
1975 4171 2518 4272 poriformesque
2565 4177 3234 4249 anastomosantibus.

1381 4314 1464 4390 L.
1519 4314 2038 4416 (Conuenit)
2100 4316 2592 4401 Gumuuusls,
2662 4313 2857 4415 pileo
2937 4313 3169 4390 sessili
3236 4314 3576 4392 coriaceo
3645 4316 3863 4418 plano
3919 4317 4435 4395 semicirculari

1394 4432 1858 4507 concentrice
1909 4431 2185 4507 sulcato
2240 4439 2658 4507 tomentoso
2712 4431 2977 4536 (fulvo)
3031 4432 3892 4525 olivaceo-fiiscescente,
3941 4434 4243 4513 lamellis
4318 4463 4436 4514 re-

1397 4549 1527 4626 ctis
1576 4548 2052 4651 simplicibuS,
2108 4548 2401 4625 alternis
2449 4548 2866 4638 dimidiatis,
2913 4550 3068 4626 acie
3115 4552 3342 4627 acutis
3388 4550 3930 4628 cinereofusciS.
4032 4556 4426 4632 Daedalea.

1395 4670 1573 4768 Afz.
1606 4672 1841 4769 sung.
1895 4671 2104 4743 Guin.
2133 4670 2219 4765 f.
2277 4678 2385 4744 26.
2488 4666 2632 4743 Csr.
2690 4671 2939 4771 Epicr.
2973 4699 3058 4771 p.
3106 4680 3235 4747 408
3290 4670 3428 4745 sub
3479 4672 3573 4748 D.
3629 4670 3970 4747 betulina.

1478 4802 1618 4884 'Ad
1675 4817 1974 4883 truncos
2021 4815 2346 4883 vetustos
2398 4807 2751 4882 Guineae.
2809 4809 3153 4920 Afzeliges.

1487 4950 1759 5026 Statura
1812 4965 1881 5026 et
1931 4964 2247 5025 contextu
2293 4952 2380 5024 L.
2440 4948 2811 5025 betulinam
2880 4951 3114 5041 refert,
3172 4963 3240 5025 at
3286 4948 3480 5027 facile
3551 4952 3857 5027 distincta
3915 4951 4098 5053 pileo
4151 4954 4432 5028 tenuiori

1387 5074 1497 5172 (ἢ
1548 5099 1697 5145 unc.
1751 5071 1920 5169 lato)
1974 5083 2043 5144 et
2093 5071 2487 5170 applanato,
2534 5070 2812 5144 lamellis
2866 5071 3177 5145 omnibus
3223 5071 3638 5170 simplicibus
3694 5070 4186 5172 dimidiatisque
4220 5072 4434 5145 omni-

1386 5217 1635 5290 umque
1686 5192 1969 5290 partium
2024 5188 2274 5262 colore.
2375 5186 2721 5262 Lamellae
2777 5188 2863 5262 ad
2915 5189 3120 5262 latera
3169 5189 3575 5289 pallidiores.
3690 5187 3755 5262 E
3810 5190 4149 5265 schedulis
4198 5192 4430 5264 inven-

1382 5312 1550 5386 toris
1576 5310 1736 5412 pilei
1790 5319 2157 5383 tomentum
2211 5309 2277 5380 in
2328 5308 2484 5380 vivo
2538 5306 2861 5426 fulvescit.
2964 5305 3133 5384 Nou
3188 5309 3388 5408 igitur
3439 5307 3818 5385 dubitamus
3866 5334 4024 5385 esse
4074 5307 4161 5383 L.
4197 5308 4432 5405 Jung-
