4984 6517
4041 34 4949 450 *H

1331 838 1723 942 eligatque,
1793 851 2041 942 aperte
2116 840 2437 918 indicare
2511 853 2616 931 et,
2692 844 3032 946 quoniam
3094 868 3245 919 non
3295 841 3452 919 fere
3507 844 3865 920 exsistunt
3912 843 4310 920 sententiae
4367 842 4555 919 inter

1328 987 1412 1038 se
1484 962 1695 1064 plane
1774 962 2183 1065 oppositae,
2260 961 2397 1038 nisi
2458 960 2523 1037 si
2576 961 2699 1063 qui
2753 962 3081 1066 utrinque
3132 960 3463 1037 inciderit
3508 971 3632 1036 aut
3680 986 3889 1038 error
3938 970 4063 1037 aut
4110 960 4547 1062 pervicacia,

1329 1106 1646 1184 quonam
1725 1079 1970 1156 medio
2043 1079 2248 1183 quasi
2299 1079 2558 1156 itinere
2603 1089 2677 1157 et
2724 1081 3242 1158 contrariarum
3291 1077 3877 1156 reconciliatione
3951 1078 4373 1179 opinionum
4426 1087 4548 1155 aut

1324 1199 1461 1276 alia
1538 1199 1868 1303 quapiam
1951 1223 2084 1273 sua
2162 1197 2277 1274 via
2350 1196 2447 1272 ad
2516 1207 2784 1274 certam
2850 1225 2937 1274 ac
2987 1196 3316 1275 stabilem
3359 1196 3782 1273 sententiam
3829 1197 4259 1298 pervenerit.
4362 1194 4542 1270 Nam

1314 1317 1530 1416 jubet
1605 1341 1970 1419 quemque
2045 1315 2266 1392 officii
2336 1315 2634 1418 religio,
2712 1315 2849 1392 nisi
2897 1317 3075 1392 recti
3129 1315 3504 1392 conscium
3569 1314 3891 1402 instituti,
3940 1312 4111 1389 nihil
4160 1314 4543 1417 quicquam

1321 1435 1716 1536 suscipere.
1822 1436 2011 1510 Tum
2063 1433 2323 1510 suadet
2371 1432 2586 1534 probi
2622 1434 2839 1510 animi
2866 1434 3224 1510 modestia
3276 1442 3381 1523 ut,
3437 1432 3573 1509 nisi
3622 1431 3722 1508 sis
3752 1433 3824 1509 in
3871 1457 4251 1508 numerum
4285 1457 4541 1507 eorum

1318 1551 1780 1641 referenduS,
1841 1578 2027 1655 quos
2078 1551 2556 1653 paucissimos
2605 1552 2900 1654 ingenio
2955 1552 3323 1630 excellere
3351 1551 3660 1627 voluerit
3686 1561 3965 1640 natura,
4005 1549 4541 1652 diligentissime

1320 1670 1775 1758 considereS,
1834 1696 1977 1772 qua
2030 1670 2308 1746 ratione
2364 1684 2437 1745 et
2490 1670 2755 1773 quibus
2810 1670 3130 1747 muneris
3197 1669 3402 1773 quasi
3453 1669 3875 1772 regionibus
3932 1668 4539 1766 circumscriptam

1319 1812 1619 1889 operam
1695 1798 1889 1863 tuam
1964 1789 2201 1891 possis
2271 1788 2515 1891 aliquo
2588 1813 2753 1864 cum
2811 1787 3043 1864 fructu
3116 1813 3415 1876 navare,
3491 1813 3582 1863 ne
3634 1786 3845 1863 nimis
3895 1785 4116 1861 multa
4164 1796 4285 1861 aut
4333 1785 4542 1861 nimis

1316 1929 1580 2002 magna
1625 1917 1748 1982 aut
1792 1931 1981 2009 quae
2024 1932 2173 1983 non
2224 1907 2522 1983 maximi
2572 1907 2713 1984 sint
2767 1906 3112 2009 ponderis
3149 1906 3391 1982 animo
3417 1905 3799 2008 amplexus
3829 1905 4020 1981 vires
4047 1903 4386 1980 absumas
4412 1902 4536 1991 ita,

1314 2034 1393 2099 ut
1437 2023 1829 2099 litterarum
1880 2024 2132 2100 studiis
2183 2050 2436 2127 parum
2485 2026 2843 2101 consulas.

1441 624 1617 710 374

1613 2199 1822 2274 Haec
1875 2224 2095 2301 quum
2156 2197 2631 2300 paucissimis,
2685 2200 2870 2277 sicut
2919 2199 3377 2304 postulabant
3421 2198 3770 2300 temporis
3819 2195 4223 2300 angustiae,
4273 2198 4367 2274 de
4403 2195 4534 2275 lin-

1308 2341 1498 2418 guae
1550 2316 2088 2419 litterarumque
2138 2317 2545 2393 Latinarum
2596 2317 2843 2396 indole
2886 2330 3103 2422 atque
3152 2344 3284 2394 usu
3332 2318 3578 2394 dicere
3627 2316 4117 2403 instituissem,
4200 2317 4316 2393 illa
4381 2317 4529 2393 duo

1307 2432 1479 2510 mihi
1544 2435 1977 2510 videbantur
2056 2436 2567 2537 proponenda,
2655 2462 2878 2512 unum
2954 2447 3032 2512 ut
3107 2437 3638 2538 perquirerem,
3720 2434 3895 2538 quid
3953 2434 4116 2510 illae
4168 2433 4391 2511 hodie
4434 2437 4528 2511 ad

1304 2553 1655 2628 rationem
1707 2552 2080 2628 doctrinae
2128 2553 2506 2631 universae
2554 2565 2626 2630 et
2679 2555 2866 2631 vitae
2919 2552 3293 2632 hominum
3350 2554 3756 2631 communis
3799 2553 4149 2630 haberent
4181 2555 4530 2630 momenti

1301 2669 1830 2773 ponderisque,
1913 2669 2214 2745 alterum
2269 2679 2375 2758 ut,
2454 2671 2600 2748 boc
2653 2673 2947 2777 cognito
2998 2684 3073 2750 et
3121 2675 3543 2761 constituto,
3596 2673 3692 2749 de
3740 2672 4040 2774 singulis
4089 2669 4526 2775 philologiae

1298 2789 1629 2878 Latinae,
1687 2815 1875 2893 quae
1928 2786 2203 2878 dicitur,
2256 2790 2579 2890 partibus
2621 2801 2694 2869 et
2744 2793 2949 2895 quasi
2999 2792 3419 2869 muneribus
3470 2791 3930 2869 dissererem.
3990 2793 4322 2884 Quorum
4349 2789 4524 2866 illud

1299 2932 1466 2982 cum
1520 2907 2151 3010 circumspicerem
2198 2915 2272 2983 et
2319 2918 2762 3010 reputarem,
2809 2909 3115 2986 videbar
3167 2909 3340 2987 mihi
3384 2911 3739 3012 reperire,
3791 2909 4078 3012 linguae
4099 2908 4526 2985 litterarum-

1300 3050 1442 3126 que
1488 3025 1766 3101 illarum
1817 3037 2263 3104 momentum
2314 3023 2538 3102 bodie
2589 3053 2887 3131 quoque
2950 3055 3116 3105 esse
3163 3030 3595 3117 maximum,
3649 3054 3789 3105 nec
3849 3028 4169 3106 absurde
4219 3053 4521 3128 prorsus

1295 3143 1571 3244 sperari
1624 3145 1794 3220 olim
1846 3143 2195 3231 futurum,
2250 3154 2330 3219 ut
2379 3170 2572 3221 nova
2624 3145 2982 3249 quaedam
3034 3147 3310 3224 illarum
3364 3148 3862 3224 effloresceret
3917 3146 4233 3249 quodam
4293 3145 4518 3221 modo

1294 3270 1493 3336 aetas
1544 3288 1796 3350 aurea,
1848 3287 1997 3338 non
2042 3261 2338 3363 pristina
2383 3263 2502 3339 illa
2549 3264 2878 3366 quidem,
2956 3266 3095 3343 sed
3146 3266 3311 3354 alia,
3381 3292 3655 3370 genere
3706 3266 3869 3369 ipso
3921 3289 4067 3340 non
4120 3263 4516 3339 admodum

1296 3377 1612 3467 diversa,
1660 3389 1731 3456 at
1776 3405 1922 3455 non
1975 3406 2276 3481 prorsus
2321 3382 2580 3458 eadem
2640 3393 2715 3458 et
2762 3382 2930 3459 huic
2976 3386 3188 3460 aetati
3243 3385 3813 3461 convenientior.
3916 3383 4083 3458 Hoc
4116 3393 4356 3457 autem
4399 3383 4517 3458 vel

1290 3495 1465 3571 ideo
1523 3497 2022 3574 existimabam
2078 3523 2196 3575 me
2256 3509 2456 3575 recte
2522 3502 2891 3600 judicare,
2970 3502 3170 3605 quod
3247 3502 3482 3578 studia
3529 3503 3646 3579 illa
3692 3513 3765 3579 et
3817 3503 4222 3578 necessaria
4271 3511 4515 3577 essent

1290 3615 1530 3690 multis
1576 3625 1648 3690 et
1698 3616 2024 3717 perutilia
2064 3615 2278 3692 etiam
2329 3619 2681 3719 plurimiS,
2735 3621 2848 3696 vel
2899 3633 3290 3723 propterea
3352 3621 3583 3725 quod,
3660 3631 4319 3724 quantumcumque
4357 3624 4511 3719 jam

1290 3734 1536 3834 operis
1586 3759 1673 3809 ac
1721 3734 1992 3811 laboris
2039 3736 2496 3812 exanclatum
2549 3749 2771 3825 esset,
2837 3747 3077 3814 tamen
3152 3739 3407 3815 mirum
3458 3748 3802 3842 quantum
3853 3748 4184 3825 restaret,
4237 3738 4309 3812 in
4363 3764 4513 3842 quo

1286 3849 1700 3952 philologis,
1756 3852 1878 3952 qui
1931 3851 2281 3940 dicuntur,
2311 3854 2501 3932 foret
2528 3855 3052 3932 desudandum.
3086 3900 3180 3916 —
3217 3856 3369 3933 Sed
3418 3857 3693 3933 litterae
3728 3857 3928 3958 ipsae
3974 3858 4146 3959 quid
4187 3856 4514 3934 adferant

1285 3966 1404 4041 vel
1455 3967 1763 4043 utilitatis
1814 3970 1929 4044 vel
1982 3971 2427 4048 necessitatis
2474 3984 2550 4049 et
2601 3984 2938 4076 quantam
2986 3974 3384 4075 praebeant
3413 3974 3684 4051 laboris
3710 3975 4297 4055 fructuossissimi
4353 4006 4511 4056 sus-

1288 4083 1601 4185 cipiendi
1670 4086 1988 4187 copiam,
2051 4087 2126 4163 id
2183 4097 2567 4194 utrumque
2618 4118 2718 4168 ex
2769 4093 2887 4182 iis,
2947 4119 3136 4195 quae
3186 4104 3598 4195 sequentur,
3649 4096 3967 4196 quodam
4021 4099 4246 4173 modo
4292 4126 4507 4202 appa-

1281 4201 1488 4278 rebit.

1576 4481 1886 4559 Litterae
1909 4484 2263 4588 antiquae,
2295 4511 2483 4589 quae
2509 4485 2966 4563 classicarum
2996 4488 3290 4565 nomine
3321 4490 3662 4593 appellari
3687 4491 3954 4580 solent,
3990 4504 4157 4570 sunt
4188 4498 4504 4574 maxime

1276 4602 1726 4676 Graecorum
1804 4609 1877 4677 et
1949 4601 2479 4691 Romanorum,
2555 4605 2776 4707 idque
2851 4630 3122 4682 nomen
3172 4607 3244 4683 in
3290 4608 3424 4684 illis
3473 4609 3960 4713 significandis
4012 4615 4502 4715 usurpandum

1271 4720 1423 4815 jam
1478 4717 1762 4819 pridem
1815 4737 2254 4797 censuerunt
2309 4722 2506 4797 docti
2562 4719 2927 4812 homineS,
2981 4726 3097 4800 vel
3120 4736 3508 4827 propterea
3535 4730 3735 4831 quod
3765 4741 4011 4806 essent
4037 4757 4213 4832 prae
4242 4735 4502 4812 ceteris

1275 4834 1562 4910 illorum
1612 4845 2020 4938 temporum
2066 4839 2418 4928 excultae,
2459 4839 2576 4916 vel
2604 4839 2777 4916 ideo
2805 4843 2971 4944 quia
2999 4842 3491 4920 contineretur
3544 4845 3716 4947 ipsis
3743 4847 4221 4925 maximarum
4255 4876 4498 4927 rerum

1272 4954 1481 5053 copia
1518 4964 1590 5028 et
1635 4955 1971 5044 varietaS,
2032 4964 2341 5032 aetatum
2393 4957 2673 5033 illarum
2733 4959 2839 5034 vis
2888 4960 3122 5036 omnis
3171 4961 3543 5039 doctrinae
3593 4977 3810 5066 atque
3862 4963 4332 5044 humanitatis.

1568 5141 1945 5243 Iidemque
2020 5168 2169 5217 non
2231 5144 2466 5220 minus
2545 5157 2745 5224 recte
2810 5149 3259 5248 judicarunt,
3311 5153 3700 5230 litterarum
3756 5155 4208 5257 antiquarum
4263 5154 4497 5230 studia

1267 5283 1433 5333 esse
1487 5259 1599 5334 vel
1656 5269 1953 5360 propter
1998 5286 2082 5337 se
2132 5261 2476 5352 colenda,
2533 5275 2884 5367 quatenus
2926 5278 3121 5346 esset
3161 5270 3486 5348 doctrina
3514 5299 3650 5373 per
3670 5299 3752 5348 se
3783 5272 3939 5375 ipsa
3962 5273 4491 5374 amplectenda,

1262 5402 1504 5478 eoque
1553 5377 1849 5454 nomine
1892 5379 2010 5455 illa
2059 5379 2295 5458 studia
2346 5382 2430 5458 iis
2483 5385 2746 5472 modo,
2801 5388 2923 5489 qui
2980 5397 3053 5463 et
3101 5388 3238 5492 ipsi
3281 5390 3740 5494 elegantioris
3790 5391 4161 5468 doctrinae
4188 5390 4493 5467 studiosi
