4984 6517
1363 600 1448 659 vl

1261 783 1500 859 IHRE
1577 781 1929 885 (Albertus
1993 779 2306 877 Elavus),
2358 777 2512 852 Lib.
2563 776 2783 867 Baro,
2832 805 2872 852 e
2920 776 3149 876 Regni
3210 775 3623 851 Proceribus
3672 802 3874 863 unus,
3925 776 4180 852 Rerum
4235 792 4454 853 exter·

1458 928 1686 978 narum
1738 927 1794 973 a.
1844 900 1907 971 h.
1969 896 2278 971 Minister
2330 896 2566 971 Status
2615 923 3000 997 supremus,
3054 893 3428 993 Regiorum
3492 891 3821 966 Ordinum
3871 894 4109 995 Eques
4151 911 4218 969 et
4251 896 4460 970 Com-

1458 1019 1837 1105 mendator,
1914 1015 2087 1115 Reg.
2177 1014 2346 1089 Ord.
2423 1016 2509 1088 de
2578 1012 2655 1088 S.
2715 1013 2971 1102 Olavo,
3027 1039 3179 1087 cum
3235 1012 3568 1111 grandiori
3624 1010 3864 1086 Crucis
3914 1015 4186 1111 insigni,
4236 1011 4461 1112 Regg.

1467 1137 1683 1212 Ordd.
1760 1132 2190 1232 Danebrog.,
2270 1131 2578 1206 Isabellae
2635 1131 3033 1219 Catholicae,
3085 1128 3163 1203 S.
3214 1128 3507 1204 Mauritii
3561 1142 3629 1203 et
3678 1127 3948 1217 Lazari,
3990 1130 4065 1203 S.
4119 1127 4462 1216 Stanislai,

1458 1254 1801 1355 Leopoldi
1870 1250 2173 1349 Belgici,
2257 1248 2483 1324 Graec.
2561 1249 2648 1324 de
2712 1248 2791 1323 S.
2843 1249 3231 1336 Salvatore,
3311 1274 3462 1321 cum
3514 1248 3848 1346 grandiori
3903 1245 4143 1322 Crucis
4196 1251 4461 1347 insigni,

1466 1370 2005 1447 Commendator.

1265 1508 1782 1610 'FAKHRAEUS
1836 1528 2130 1626 (Olavus
2186 1525 2612 1624 Immanuel),
2675 1524 2906 1599 Status
2959 1552 3015 1597 a.
3065 1524 3128 1597 h.
3207 1522 3673 1609 Consiliarius,
3724 1521 4158 1597 Prael'ecturae
4196 1521 4463 1595 Gotho-

1464 1652 1821 1751 burgensis
1865 1659 1932 1721 et
1981 1643 2299 1718 Bahusiae
2359 1643 2822 1732 Gubernator,
2890 1642 3069 1742 Reg.
3126 1640 3296 1715 Ord.
3351 1642 3436 1715 de
3489 1640 3701 1715 Stella
3753 1638 4012 1726 Polari,
4066 1667 4214 1712 cum
4268 1668 4463 1737 gran-

1465 1770 1633 1842 diori
1685 1765 1926 1840 Crucis
1979 1766 2243 1862 insigni,
2304 1761 2848 1837 Commendator.

1270 1916 1709 1998 AGARDH
1763 1915 1952 2012 (Car.
2019 1915 2442 2014 Adolphus),
2493 1913 2571 1989 S.
2622 1914 2864 1988 Theol.
2911 1913 3215 2003 Doctor,
3268 1912 3697 1987 Dioeceseos
3737 1910 4292 1985 Carolstadiensis
4333 1908 4467 1981 Or-

1471 2040 1829 2135 dinumque
1876 2033 2250 2132 Regiorum
2304 2030 2733 2133 Episcopus»,
2781 2032 2958 2132 Reg.
3016 2031 3184 2106 Ord.
3243 2033 3328 2105 de
3384 2030 3594 2124 Stella
3644 2028 3902 2116 Polari,
3955 2057 4104 2102 cum
4155 2027 4470 2127 grandio-

1465 2159 1518 2229 ri
1595 2153 1836 2228 Crucis
1890 2154 2162 2249 insigni,
2213 2178 2339 2225 nec
2386 2180 2521 2226 non
2571 2151 2748 2250 Reg.
2804 2149 2974 2225 Ord.
3025 2149 3422 2250 Danebrog.
3477 2147 4032 2235 Commendator,
4081 2148 4470 2220 Academiae

1470 2272 1802 2347 Svecanae
1856 2268 2379 2343 Octodecimvir.

1273 2420 1852 2501 STlERNELD
1906 2419 2139 2518 (Gust.
2187 2417 2342 2493 Nic.
2397 2417 2748 2519 Algernon
2796 2417 2998 2518 Ad.)‚
3046 2418 3200 2494 Lib.
3242 2418 3461 2506 Baro,
3514 2449 3553 2495 e
3588 2417 3812 2518 Regni
3845 2416 4257 2491 Proceribus
4287 2441 4474 2500 unus,

1470 2542 1730 2617 Rerum
1806 2553 2225 2614 externarum
2296 2537 2611 2612 Minister
2680 2535 2915 2612 Status
2984 2565 3375 2637 supremus,
3431 2536 3806 2636 Regiorum
3862 2534 4187 2609 Ordinum
4239 2533 4476 2632 Eques

1476 2674 1545 2734 et
1601 2658 2159 2743 Commendator,
2210 2656 2390 2755 Reg.
2443 2653 2612 2728 Ord.
2650 2656 2735 2729 de
2789 2653 2866 2728 8.
2931 2654 3153 2729 Olavo
3208 2684 3357 2729 cum
3406 2645 3741 2758 grandiori
3799 2653 4038 2729 Crucis
4088 2655 4324 2752 insigni
4354 2677 4483 2724 nec

1468 2807 1600 2853 non
1648 2776 1827 2876 Reg.
1890 2774 2059 2849 Ord.
2111 2773 2534 2873 Elephantini
2586 2774 2823 2874 Eques
2878 2788 3003 2849 cet.

1278 2946 1677 3025 SPARRE
1722 2943 1956 3043 (Gust.
2009 2939 2208 3042 Ad.),
2259 2940 2548 3028 Come8‚
2602 2968 2640 3014 e
2686 2939 2910 3040 Regni
2969 2939 3382 3014 Proceribus
3449 2967 3652 3029 unus,
3704 2941 3836 3014 Rei
3884 2939 4265 3014 Judiciariae
4338 2935 4474 3009 Mi-

1479 3069 1683 3139 nister
1761 3061 1994 3136 Status
2076 3086 2462 3160 supremus,
2544 3056 2823 3157 Regior.
2899 3057 3230 3133 Ordinum
3279 3058 3518 3158 Eques
3573 3073 3641 3132 et
3694 3058 4249 3143 Commendator,
4300 3052 4477 3150 Reg.

1488 3182 1658 3257 Ord.
1708 3181 1792 3254 de
1846 3178 1923 3253 S.
1977 3177 2232 3266 Olavo,
2286 3205 2435 3250 cum
2488 3177 2860 3273 grandioris
2916 3177 3158 3252 Crucis
3205 3180 3473 3275 insigni,
3528 3176 4073 3252 Commendator.

1280 3331 1735 3410 BESKOW
1787 3328 2192 3426 (Bernhard.
2250 3334 2446 3421 von),
2501 3325 2652 3401 Lib.
2708 3325 2915 3414 Baro,
2947 3327 3202 3402 Philos.
3252 3326 3551 3416 Doctor,
3580 3327 3824 3428 Regiae
3874 3328 4072 3400 Aulae
4102 3324 4485 3399 Marechal-

1481 3453 1617 3537 lus,
1692 3448 2084 3523 Academiae
2164 3444 2671 3518 Octodecimvir
2742 3458 2809 3517 et
2860 3444 3312 3532 Secretarius,
3378 3445 3602 3544 Regg.
3659 3446 3875 3519 Ordd.
3939 3446 4024 3518 de
4085 3443 4294 3515 Stella
4343 3442 4487 3512 Po-

1482 3570 1629 3655 lari,
1681 3593 1831 3639 cum
1911 3564 2246 3662 grandiori
2301 3560 2542 3635 Crucis
2595 3563 2863 3660 insigni,
2916 3590 3041 3636 nec
3091 3589 3226 3634 non
3295 3561 3691 3661 Danebrog.
3745 3560 4301 3647 Commendator,
4351 3557 4490 3631 Le-

1480 3687 1697 3785 gionis
1754 3682 2052 3755 Honoris
2103 3680 2361 3779 Eques.

1292 3834 1601 3909 TAMM
1655 3835 1933 3931 (Petrus
1982 3831 2407 3931 Adolphus),
2457 3827 2612 3900 Lib.
2641 3824 2863 3915 Baro,
2896 3825 3203 3901 Officinae
3241 3829 3528 3902 ferrariae
3560 3828 3969 3918 Possessor,
3997 3827 4174 3930 Reg.
4207 3829 4376 3904 Ord.
4406 3831 4489 3902 ‹le

1482 3951 1740 4039 Wasa,
1794 3978 1945 4025 cum
1970 3950 2304 4051 grandiori
2335 3948 2575 4021 Crucis
2604 3949 2871 4045 insigni,
2905 3945 3459 4035 Commendator,
3492 3962 3558 4022 et
3587 3948 3672 4022 de
3717 3947 3926 4022 Stella
3968 3948 4194 4022 Polari
4231 3948 4491 4048 Eques.

1290 4101 1993 4178 REUTERDAHL
2073 4100 2502 4198 (Henricus)‚
2560 4097 2636 4172 S.
2694 4095 2936 4172 Theol.
3021 4095 3320 4186 Doctor,
3366 4126 3423 4173 a.
3479 4099 3543 4173 h.
3599 4098 4030 4175 Consiliarius
4081 4100 4345 4187 Status,
4396 4096 4493 4171 E-

1436 4271 1445 4280 ·
1487 4225 1814 4323 piscopus
1894 4219 2321 4294 Dioeceseos
2367 4216 2776 4305 Lundensis,
2830 4216 3355 4316 Academiaeque
3428 4215 4034 4309 Procancellarius,
4085 4217 4262 4320 Reg.
4323 4216 4492 4291 Ord.

1492 4340 1579 4414 de
1636 4338 1845 4415 Stella
1896 4338 2123 4412 Polari
2185 4335 2723 4409 Commendator.

1288 4472 2090 4604 MANDERSTRCM
2141 4488 2633 4584 (Ludovicus),
2685 4486 2837 4561 Lib.
2868 4486 3092 4575 Baro,
3145 4487 3605 4561 Cubicularius
3642 4485 3937 4588 Regius,
3968 4490 4057 4562 ad
4098 4490 4310 4562 aulam
4344 4486 4495 4559 Cae-

1492 4636 1617 4681 sar.
1674 4606 2093 4681 Austriacam
2143 4605 2444 4705 Legatus
2492 4604 2580 4677 E.
2633 4602 2745 4691 0.,
2793 4603 3018 4704 Regg.
3076 4604 3291 4678 Ordd.
3347 4605 3431 4679 de
3483 4604 3691 4679 Stella
3748 4604 3976 4678 Polari
4029 4621 4095 4680 et
4147 4607 4232 4681 de
4282 4603 4359 4678 S.
4399 4602 4503 4675 O-

1484 4726 1632 4799 lavo
1694 4724 2245 4810 Commendator,
2319 4723 2545 4822 Regg.
2603 4721 2821 4796 Ordd.
2873 4723 2958 4796 de
3018 4721 3094 4796 S.
3152 4721 3538 4812 Salvatore,
3578 4724 3663 4798 de
3689 4721 4088 4824 Danebrog.
4121 4751 4271 4828 cum
4303 4749 4499 4821 gran-

1498 4842 1665 4915 diori
1721 4843 1955 4918 Crucis
2008 4845 2246 4941 insigni
2299 4840 2823 4914 Commendator
2873 4853 3000 4915 cet.

1296 4989 1773 5068 KRAEMER
1824 4993 2204 5092 (Robertus
2247 4991 2728 5091 Fredericus),
2778 4991 2932 5067 Lib.
2983 4989 3210 5079 Baro,
3262 4989 3694 5067 Gubernator
3756 4990 4273 5094 Uplandiarum,
4324 4989 4499 5091 Reg.

1502 5109 1671 5186 Ord.
1727 5112 1813 5185 de'
1861 5109 2072 5186 Stella
2118 5110 2381 5198 Polari,
2435 5138 2586 5185 cum
2625 5112 2961 5211 grandiori
3017 5110 3257 5186 Crucis
3309 5113 3578 5210 insigni,
3629 5109 4157 5186 commendator
4201 5137 4326 5184 nec
4361 5137 4495 5183 non

1504 5228 1673 5304 Ord.
1733 5226 2100 5305 Ensiferor.
2149 5228 2409 5329 Eques.
