4984 6517
1223 554 1234 565 '
1299 550 1471 636 336

1497 758 1773 846 Genus,
1824 771 1994 861 typo
2042 753 2218 831 Fuci
2273 757 2631 856 paniculati
2680 757 2974 844 Brown,
3038 758 3261 832 Turn.
3315 756 3502 832 Hirt.
3565 755 3929 845 fundatum,
3980 761 4272 832 maximo
4320 762 4466 857 jure

1192 909 1227 954 a
1279 878 1731 954 Blossevillea
1751 934 1769 964 ,
1822 903 1975 950 cum
2027 900 2158 974 qua
2216 879 2541 973 majorem
2572 902 2772 975 quam
2796 877 3041 951 multae
3069 876 3236 950 aliae
3268 873 3631 950 Fucaceae
3659 874 4038 948 affinitatem
4064 903 4201 949 non
4229 877 4470 971 babet,

1192 997 1681 1073 removendum
1728 1008 1856 1069 est.
1955 992 2239 1068 Fronde
2294 996 2525 1082 tereti,
2575 993 2804 1069 radice
2856 995 3138 1082 fibrosa,
3189 993 3773 1097 receptaculorum
3817 992 4213 1070 formatione
4247 1004 4318 1069 et
4341 997 4470 1067 situ

1195 1143 1329 1190 non
1385 1141 1622 1214 parum
1678 1113 1944 1187 differre
1994 1112 2278 1186 videtur.

1605 1287 1667 1355 1.
1748 1282 2269 1359 Aenocanma
2316 1304 2811 1359 ramentum
2861 1284 3230 1389 (Bt-own)
3279 1287 3349 1358 J.
3407 1286 3547 1382 Ag.
3597 1288 3641 1360 I.
3692 1317 3747 1360 c.
3783 1316 3868 1389 p.
3923 1300 4072 1365 248.

1499 1435 1625 1511 Ad
1666 1434 1903 1510 littora
1947 1431 2202 1508 Novae
2253 1431 2691 1509 Hollandiae
2743 1435 3246 1511 meridionalia
3296 1462 3418 1514 ex.
3471 1463 3578 1541 gr.
3631 1437 3704 1512 in
3759 1438 3922 1513 sinu
3959 1442 4139 1515 Port
4175 1437 4468 1539 Phillip,

1198 1554 1645 1655 frequentur.

1516 1689 1636 1765 Ab
1688 1688 2078 1762 auctoribus
2129 1690 2213 1760 ita
2272 1687 2645 1788 descripta,
2699 1703 2770 1762 ut
2825 1703 3073 1764 tantum
3102 1718 3319 1790 pauca
3351 1692 3779 1766 observanda
3805 1693 4193 1766 habeamus.
4243 1691 4478 1766 Callus

1204 1808 1513 1882 radicalis
1567 1809 1719 1907 plus
1782 1809 2087 1879 minusve
2138 1805 2717 1905 hemisphaericus
2769 1812 3031 1881 unciam
3091 1809 3414 1883 diametro
3470 1810 3608 1883 sere
3662 1836 3993 1907 aequans,
4048 1838 4087 1882 e
4137 1811 4324 1884 fibris
4374 1811 4477 1882 di-

1208 1928 1653 1999 stinctissimis
1722 1925 2082 2010 conflatus,
2142 1924 2313 1996 callo
2369 1924 2639 1996 radicali
2692 1923 3265 2000 Laminariearum
3320 1930 3592 2000 omnino
3655 1928 3904 2001 similis.
4005 1927 4470 2026 Receptacula

1209 2045 1809 2140 lineari-oblonga,
1863 2043 2310 2128 semilineam,
2354 2043 2467 2114 vix
2518 2068 2811 2140 unquam
2864 2045 3102 2118 lineam
3135 2044 3549 2143 longitudine
3595 2049 3946 2143 aequantia
3991 2046 4203 2144 (apud
4230 2045 4301 2116 J.
4331 2046 4471 2139 Ag.

1208 2161 1250 2233 l.
1304 2189 1359 2233 c.
1415 2162 1609 2259 lapsu
1666 2160 1961 2260 quodam
2015 2160 2249 2232 calami
2299 2162 2412 2233 vix
2458 2160 2774 2258 pollicem
2824 2161 3024 2260 longa
3079 2169 3613 2261 nuncupantur),
3661 2162 4025 2260 scaphidiis
4051 2164 4217 2245 3-4,
4281 2176 4475 2235 extus

1202 2279 1740 2377 hemisphaerice
1817 2279 2384 2377 prominentibus,
2434 2275 2731 2373 gravida.
2836 2275 3204 2378 Scaphidia
3279 2282 3342 2353 in
3409 2282 3754 2367 omnibus,
3815 2306 3989 2379 quae
4042 2283 4242 2354 nobis
4295 2294 4475 2366 sunt,

1210 2398 1693 2495 speciminibus
1773 2421 1950 2468 nunc
2032 2397 2304 2466 omnino
2386 2420 2631 2482 vacua,
2688 2422 2864 2468 nunc
2922 2396 3044 2469 filis
3098 2398 3660 2498 parapbysoideis
3712 2426 3841 2471 nec
3902 2425 4034 2471 non
4088 2397 4473 2472 antheridiis

1209 2516 1386 2586 intus
1442 2513 1528 2585 ad
1579 2515 1905 2612 parietem
1960 2515 2229 2598 vestita,
2280 2524 2353 2583 ut
2401 2525 2622 2584 utrum
2675 2516 2813 2586 asci
2867 2526 3068 2612 atque
3123 2514 3521 2602 antheridia,
3571 2543 3724 2589 cum
3771 2517 3922 2589 illos
3974 2543 4110 2589 non
4158 2514 4474 2602 viderim,

1210 2634 1273 2705 in
1328 2632 1566 2704 iisdem
1612 2657 1741 2730 pro
1796 2657 1985 2702 more
2035 2633 2392 2728 gignantur
2435 2629 2821 2727 scaphidiis,
2873 2658 2954 2704 an
3011 2634 3075 2705 in
3128 2632 3443 2720 diversis,
3495 2632 3860 2729 dijudicare
3909 2662 4039 2707 non
4097 2636 4376 2733 possim.

2086 2798 2210 2872 VI.
2291 2797 3176 2874 BLOSSEVILLEA
3237 2803 3601 2875 Decaisne.

1506 2934 1587 3008 In
1640 2930 1788 3006 hoc
1836 2956 2113 3033 genere
2169 2956 2429 3006 omnes
2485 2931 2997 3032 Cystophorae
3054 2937 3125 3008 J.
3184 2937 3322 3031 Ag.
3376 2934 3696 3033 species,
3753 2958 3942 3034 quae
4005 2934 4213 3009 caule
4268 2960 4479 3009 com-

1210 3075 1471 3151 presso
1547 3050 1915 3151 ramisque
1975 3074 2020 3123 e
2075 3050 2299 3124 latere
2371 3049 2588 3149 plano
2653 3048 2877 3124 caulis
2931 3050 3476 3153 egredientibus
3528 3065 3600 3126 et
3648 3050 4090 3125 retrofractis
4144 3051 4483 3152 calleque

1212 3169 1509 3245 radicali
1574 3166 2157 3268 hemisphaerico
2224 3167 2466 3241 solido
2518 3167 2871 3270 gaudent,
2923 3176 2999 3241 ut
3051 3169 3449 3254 credimus,
3500 3168 3704 3243 solae
3755 3177 3922 3242 sunt
3970 3170 4482 3243 reservandae.

1214 3289 1473 3362 Genus
1512 3285 2004 3386 Platylobium
2037 3310 2080 3358 a
2104 3284 2541 3385 Kiitzingio‚
2583 3294 2767 3385 typo
2795 3283 3298 3387 Cystophorae
3331 3284 3721 3384 Platylobii
3746 3284 4154 3371 fundatum,
4189 3311 4485 3361 summo

1206 3405 1377 3502 jure
1473 3411 1585 3478 est
1654 3402 2212 3505 segregandum.
2279 3445 2371 3458 —
2426 3400 2714 3476 Nomen
2769 3401 3317 3491 Blossevilleae,
3369 3402 3541 3477 licet
3582 3402 3834 3500 junius
3889 3404 3996 3489 sit,
4052 3413 4298 3478 tamen
4353 3428 4488 3476 no-

1218 3520 1393 3594 mini
1467 3519 1979 3620 Cystophorae
2057 3518 2612 3593 anteferendum
2695 3529 3060 3620 putamus,
3117 3544 3285 3594 cum
3338 3519 3525 3594 adsit
3573 3520 3762 3594 inter
3814 3519 4201 3596 Phocacea
4249 3545 4491 3622 genus

1222 3636 1719 3738 Cystophora,
1779 3635 1984 3738 quod
2032 3641 2186 3735 jam
2238 3636 2526 3739 triginta
2571 3662 2804 3711 annos
2849 3638 3037 3712 inter
3086 3637 3450 3739 zoologos
3505 3636 3807 3712 duravit.

1636 3811 1697 3882 1.
1776 3808 2352 3882 BLossnviuna
2400 3829 2976 3883 Poucrsrmu
3030 3809 3317 3881 Aresch.
3380 3851 3472 3863 —
3522 3810 3593 3882 J.
3654 3809 3794 3903 Ag.
3851 3809 3894 3879 l.
3952 3837 4007 3880 c.
4042 3835 4128 3908 p.
4183 3818 4337 3883 240.

1530 3958 1755 4034 Caule
1783 3959 2000 4058 plano
2030 3957 2906 4059 decomposito·pinnato,
2937 3959 3155 4034 ramis
3181 3959 3340 4034 basi
3372 3959 3585 4033 nudis
3626 3959 3812 4033 inter
3854 3958 4153 4033 aculeos
4181 3958 4495 4034 obtusos

1224 4077 1582 4152 flexuosis
1637 4101 1956 4175 superne
2009 4075 2349 4174 pinnatis,
2397 4075 2636 4174 pinnis
2679 4076 2754 4149 in
2784 4075 3109 4151 inferiori
3137 4087 3338 4176 parte
3367 4101 3750 4151 racemose
3777 4075 4252 4150 vesiculiferis
4289 4076 4497 4151 elon-

1224 4195 1409 4297 gatis
1462 4192 1877 4294 pinnulatiS,
1934 4193 2244 4292 pinnulis
2285 4193 2563 4267 rachidi
2611 4193 2988 4292 pinnarum
3019 4193 3692 4294 patenti-adpressis
3724 4192 4500 4292 dichotomo-pinnatis

1227 4313 1301 4387 in
1366 4310 1828 4411 receptacula
1896 4308 2256 4401 filiformia
2316 4310 2790 4384 verruculosa
2846 4317 3154 4385 rostrata
3208 4309 3367 4409 plus
3425 4310 3664 4383 minus
3730 4311 4248 4395 transmutatiS,
4308 4311 4500 4384 vesi-

1229 4429 1410 4504 culis
1466 4428 1881 4503 numerosis
1946 4426 2656 4529 elongato-ellipticis
2711 4427 2751 4502 l.
2810 4428 3150 4530 oblongis
3202 4426 3649 4502 submuticis.

1536 4563 1664 4638 Ad
1715 4563 1953 4638 littora
2003 4560 2507 4636 meridionalia
2559 4558 2815 4635 Novae
2864 4559 3299 4636 Hollandiae
3357 4583 3590 4659 prope
3652 4558 3890 4634 sinum
3964 4560 4144 4633 Port
4206 4557 4507 4659 Phillip,

1230 4680 1355 4754 ubi
1411 4703 1629 4781 quam
1679 4679 2153 4755 Blossevillea
2209 4676 2616 4752 monilifera
2668 4679 2739 4749 J.
2794 4679 2935 4774 Ag.
2986 4678 3114 4753 vix
3164 4677 3450 4752 videtur
3503 4677 3754 4750 rarior.

1537 4813 1776 4889 Planta
1844 4814 2310 4913 3-‹1-pedalis,
2387 4814 2592 4884 immo
2651 4811 2876 4885 forsan
2927 4815 3209 4912 longior.
3318 4810 3549 4885 Callus
3611 4812 3916 4885 radicalis
3970 4813 4514 4886 subconico-he-

1233 4932 1751 5031 misphaericus,
1806 4934 2237 5006 semiunciam
2292 4931 2618 5003 diametro
2674 4955 2990 5028 aequans.
3121 4929 3351 5004 Cauiis
3417 4955 3855 5026 compressus
3943 4930 4195 5002 inferne
4265 4931 4514 5003 lineam

1236 5052 1277 5121 1.
1325 5050 1796 5148 sesquilineam
1835 5052 2100 5123 circiter
2151 5050 2320 5120 latus
2372 5048 2411 5118 l.
2464 5047 2796 5120 interdum
2842 5047 3067 5121 forsan
3120 5049 3332 5133 altior,
3363 5047 3649 5144 simplex
3674 5046 3714 5117 l.
3737 5045 4010 5132 divisus,
4041 5047 4183 5119 basi
4217 5048 4519 5120 residuis

1237 5169 1500 5240 obtusis
1558 5180 1626 5240 et
1674 5167 2082 5240 retrosractis
2154 5191 2489 5237 ramorum
2579 5164 3047 5262 ‹lelapsorum,
3099 5177 3175 5236 ut
3256 5167 3471 5261 ajunt,
3523 5164 3938 5249 articulatus,
3994 5162 4523 5261 decomposito—

1234 5288 1578 5384 pinnatus,
1618 5286 1660 5356 i.
1711 5310 1770 5358 e.
1817 5284 2502 5381 tri-quadripinnatus.
2609 5278 2840 5368 Rami,
2889 5306 3093 5354 sensu
3133 5281 3443 5354 strictiori
3482 5282 3727 5377 pinnae
3752 5280 4213 5366 nominandae,
4249 5281 4377 5353 sed
4411 5286 4517 5355 ob
