4984 6517
3352 568 3522 657 227

586 786 927 874 flaccidus,
979 785 1113 859 2-:3
1155 813 1301 861 unc.
1352 786 1541 875 latus,
1586 786 1813 876 laevis,
1864 788 2325 888 glaber-rimus,
2373 783 3110 884 alutaceo-pallescens,
3177 786 3473 883 margine
3524 788 3628 861 in·-

588 917 784 1006 tegro
832 904 1119 991 deflexo,
1170 917 1237 977 at
1287 933 1422 981 non
1473 906 1793 980 involuto.
1899 904 2242 981 Lamellae
2295 904 2494 979 valde
2547 904 2953 1002 inaequales,
3007 903 3201 988 latae,
3253 902 3451 979 valde
3522 903 3624 977 di-

586 1037 857 1113 stantes,
910 1022 1412 1124 eglandulosae‚
1461 1025 1590 1102 sed
1643 1026 2087 1114 tenuissimae,
2140 1025 2714 1124 membranaceae,
2798 1047 2936 1122 quo
3012 1048 3051 1095 a
3102 1018 3311 1096 Panis
3386 1022 3620 1097 differt.

581 1139 874 1242 Reliqua
926 1153 1000 1214 ut
1050 1167 1276 1241 supra.

379 1288 444 1361 4.
583 1287 965 1363 Lam-ntus
1014 1309 1531 1363 conaturus.
1631 1286 1870 1387 Epicr.
1923 1311 1994 1387 p.
2049 1285 2243 1361 294?
2292 1316 2353 1360 v.
2406 1289 2859 1363 occidentalis.

681 1433 804 1509 Ex
848 1433 1083 1509 insula
1134 1435 1233 1510 St.
1291 1432 1624 1511 Thomae
1678 1433 1941 1510 adsunt
1989 1433 2385 1536 specimina
2443 1435 2764 1536 copiosa,
2844 1434 3039 1536 pileo
3116 1432 3619 1512 submembra-

578 1576 813 1628 naceo
862 1551 1312 1654 lamellisque
1354 1551 1838 1656 integerrimis
1886 1552 2056 1629 satis
2106 1552 2409 1641 diversa,
2474 1552 2609 1629 sed
2676 1553 2752 1629 in
2798 1552 3155 1629 immensa
3208 1554 3617 1654 specierum

583 1671 796 1772 copia
843 1677 1157 1771 praestat
1200 1695 1461 1746 omnes
1511 1678 1736 1773 typos
1783 1670 2206 1748 manifestos
2251 1669 2450 1748 haud
2500 1671 2940 1773 praebentes
2988 1669 3241 1748 vicinis
3316 1671 3620 1772 subjun-

581 1813 778 1891 gere,
834 1814 1052 1892 quam
1103 1812 1333 1864 novas
1374 1813 1816 1892 proponere.

377 1930 440 2003 5.
585 1931 845 2008 Pauus
897 1932 1497 2019 Tnoczont'mS,
1553 1931 1751 2033 pileo
1803 1956 2116 2007 carnoso
2170 1954 2514 2006 convexo
2568 1926 2978 2029 eumorpho
3047 1930 3369 2029 squamis
3438 1930 3617 2006 floc-

582 2049 774 2124 cosis
828 2048 1194 2149 adpressis
1241 2049 1472 2125 dense
1524 2049 1782 2125 vestito
1833 2049 2297 2150 pallescente,
2350 2048 2584 2148 stipite
2631 2045 2870 2123 solido
2923 2047 3242 2150 squamis
3299 2073 3615 2124 concen-

576 2166 771 2242 tricis
815 2167 1078 2268 patulis
1129 2192 1551 2271 squarroso,
1602 2166 1906 2243 lamellis
1966 2165 2245 2243 adnatis
2319 2165 2666 2243 confertis
2737 2164 2993 2267 crispis
3067 2163 3289 2243 dilute
3364 2166 3613 2242 cinna-

576 2309 908 2361 momels.

674 2424 801 2503 Ad
848 2434 1152 2502 truncos
1195 2425 1475 2502 insulae
1529 2426 1629 2502 St.
1676 2424 2030 2506 Thomae.
2092 2424 2341 2502 Krebs.

686 2571 981 2674 Species
1033 2574 1261 2675 quoad
1314 2574 1695 2650 affinitatem
1749 2575 1970 2663 dubia,
2022 2577 2247 2676 stipite
2300 2574 2392 2648 A.
2426 2576 2819 2648 radio-osum
2871 2570 3052 2646 Bull.
3103 2574 3170 2646 in
3223 2579 3611 2651 memoriam

576 2718 927 2781 revocans,
974 2706 1042 2766 at
1084 2694 1243 2767 nulli
1291 2696 1416 2768 rite
1469 2693 1698 2770 affinis.
1799 2691 2034 2769 Pileus
2092 2693 2366 2793 quidem
2415 2694 2793 2767 Lenmm
2841 2702 3183 2766 titaneum
3234 2694 3454 2784 refert,
3513 2697 3607 2769 la-

575 2811 813 2886 mellae
861 2838 1026 2887 vero
1077 2813 1271 2886 Pani
1322 2821 1607 2912 stiptici.
1712 2807 2103 2888 Substantia
2155 2811 2426 2912 quidem
2476 2821 2831 2912 compacta
2883 2823 2954 2884 et
2994 2810 3200 2898 firma,
3241 2816 3606 2913 praecipue

574 2942 647 3002 ut
695 2932 762 3003 in
811 2933 1011 3003 variis
1057 2926 1266 3004 Panis
1312 2932 1524 3031 stipes
1582 2929 1943 3019 induratur,
1995 2930 2122 3006 sed
2170 2931 2390 3030 pileus
2443 2953 2769 3005 carnosus
2812 2952 2944 3001 nec
2992 2927 3393 3028 liguescens.
3465 2929 3605 3005 Sti-

571 3074 700 3147 pes
751 3047 977 3122 radice
1028 3048 1353 3123 susiformi
1407 3061 1680 3122 truncos
1730 3051 1945 3136 intrat,
2021 3061 2270 3137 curtus,
2351 3051 2614 3122 unciam
2688 3073 2839 3120 raro
2920 3073 3268 3146 superans,
3342 3077 3606 3124 sursum

572 3165 807 3240 leviter
863 3178 1259 3256 attenuatus,
1309 3169 1376 3241 in
1430 3193 1745 3267 squamas
1800 3167 2250 3267 pluriseriales
2324 3169 2785 3241 concentricas
2855 3165 3404 3265 patulo-reflexas
3481 3168 3605 3243 dif-

571 3282 838 3369 fractus,
889 3311 1157 3359 sursum
1207 3286 1732 3386 pulverulentus,
1801 3285 2054 3360 inferne
2104 3285 2301 3360 simul
2349 3286 3135 3385 nigricantifflquamosus
3187 3285 3347 3384 (hae
3399 3312 3604 3387 squa-

566 3426 715 3475 mae
776 3405 1116 3502 propriae,
1190 3428 1321 3477 nec
1369 3431 1410 3476 a
1468 3405 1691 3504 stipite
1765 3402 2066 3477 diffracto
2144 3416 2351 3492 ortae,
2427 3402 2853 3504 adpressae),
2932 3415 3232 3479 ceterum
3295 3405 3600 3506 pallidus.

571 3518 806 3596 Pileus
855 3520 1106 3608 firmus,
1159 3548 1505 3610 comosus,
1561 3524 1868 3611 obtusus,
1916 3522 2261 3621 regularis,
2309 3522 2590 3597 uncialis
2615 3535 2685 3596 et
2720 3522 2909 3610 ultra,
2959 3522 3254 3623 undique
3308 3527 3603 3624 squamis

571 3638 887 3713 confertis
955 3638 1300 3740 adpressis
1366 3640 1684 3714 floccosis
1744 3642 2151 3728 imbricatus,
2223 3623 2964 3741 alutaceo-pallescens.
3068 3638 3411 3717 Lamellae
3481 3642 3602 3716 ad-

572 3769 785 3846 natae,
863 3756 1064 3832 dente
1142 3757 1559 3847 decurrente,
1636 3758 2105 3846 horizontales,
2175 3757 2535 3844 confertae,
2611 3761 3149 3860 angustissimae,
3198 3762 3603 3861 inaequales,

570 3879 853 3976 crispae,
910 3875 1119 3955 dit-ute
1163 3879 1682 3961 cinnamomeae,
1732 3878 2031 3976 margine
2080 3877 2529 3977 integerrimo.

376 4017 441 4091 6.
565 4019 825 4094 Panos
872 4040 1397 4109 mareonm,
1458 4017 1655 4120 pileo
1709 4019 2276 4097 membranaceo
2348 4019 2583 4096 sessili
2626 4045 2673 4095 a
2723 4019 3047 4120 cupulari
3115 4020 3402 4097 reflexo
3485 4047 3601 4097 ra·

572 4134 1080 4212 diato-sulcato
1129 4135 1419 4237 pallido,
1478 4136 1783 4214 lamellis
1834 4137 2259 4234 distantibus
2309 4137 2655 4214 distinctis
2711 4136 2871 4215 latis
2927 4136 3159 4228 sulviS,
3208 4140 3367 4216 acie
3417 4140 3600 4217 dilu-

571 4252 895 4329 tioribuS.

673 4390 803 4467 Ad
857 4400 1160 4471 truncos
1208 4393 1284 4469 in
1315 4393 1641 4471 Guinea,

661 4533 918 4611 Forma
964 4551 1034 4613 et
1082 4541 1449 4614 substantia
1497 4542 1585 4614 P.
1640 4541 2136 4644 melamphyllo
2190 4540 2414 4642 Fung.
2471 4538 2696 4615 Natal.
2722 4541 3104 4630 simillimus,
3168 4541 3293 4616 sed
3347 4544 3593 4617 colori-

573 4656 700 4729 bus
753 4654 1266 4748 diversissimus,
1311 4686 1473 4733 mox
1514 4659 1878 4736 distinctus.
1948 4658 2183 4736 Pileus
2235 4663 2680 4748 tenuissimus,
2723 4686 2763 4734 e
2812 4659 3015 4734 sulcis
3072 4662 3487 4763 subcrispus,
3542 4663 3589 4737 3

567 4774 671 4847 lin.
724 4785 975 4847 tantum
1021 4775 1213 4865 latus,
1264 4779 1394 4852 sub
1446 4779 1625 4853 lente
1674 4779 2108 4853 flocculosus.

379 4933 447 5010 7.
572 4936 1182 5013 Ommmms
1237 4960 1692 5028 nummum,
1739 4940 1935 5041 pileo
1989 4966 2301 5018 carnoso
2352 4939 3396 5019 turbinato-infundibuliformi
3437 4943 3588 5047 gla-

573 5051 708 5129 bro
760 5053 1239 5158 griseosusco,
1292 5057 1618 5159 margine
1672 5061 1874 5135 tenui
1921 5059 2569 5161 undulato-crispo,
2622 5060 2856 5162 stipite
2926 5058 3166 5136 solido
3240 5061 3586 5138 deorsum

572 5180 930 5248 attenuato
977 5170 1490 5263 subfusiformi,
1542 5173 1843 5254 lamellis
1882 5177 2407 5282 augustissimis
2453 5177 2676 5284 longe
2727 5176 3283 5257 decurrentibus
3327 5181 3586 5257 strictis

576 5289 1003 5368 dichotomis
1048 5292 1747 5370 venoso-connexis.
