4984 6517
1400 590 1570 676 378

1281 801 1377 875 Et
1450 825 1544 876 eo
1617 799 1913 907 quidem
1987 800 2282 877 nomine
2361 827 2494 903 per
2543 827 2662 878 me
2709 803 2878 879 licet
2921 802 3290 880 liberrime
3340 804 3777 894 contendas,
3852 805 4116 907 scripta
4180 815 4507 884 veterum

1283 941 1430 993 non
1477 942 1698 1017 posse
1748 918 1823 994 in
1873 917 2082 994 aliam
2129 918 2440 1022 linguam
2499 921 2886 997 transferri.

1584 1066 1734 1142 Sed
1772 1067 1928 1143 talis
1966 1092 2211 1143 rerum
2253 1067 2705 1175 antiquarum
2743 1092 2842 1143 ex
2870 1065 3045 1168 ipsis
3072 1063 3486 1165 archetypis
3506 1072 3727 1139 tracta
3758 1063 4073 1168 cognitio
4105 1075 4178 1141 et
4198 1091 4503 1143 acumen

1274 1183 1545 1287 ingenii
1594 1193 1667 1261 et
1716 1185 2109 1261 naturalem
2160 1185 2521 1292 quandam
2568 1185 2785 1260 animi
2833 1184 2928 1260 ad
2972 1185 3049 1259 id
3099 1208 3333 1286 genus
3376 1181 3593 1258 studii
3633 1181 4200 1284 propensionem
4229 1193 4300 1259 et
4325 1186 4502 1261 mul·

1179 1377 1189 1390 ,
1277 1310 1426 1377 tum
1488 1327 1760 1404 operae
1796 1302 2214 1410 laborisque
2256 1302 2572 1409 requirit.
2660 1304 2999 1409 Eumque
3044 1301 3369 1376 laborem
3425 1299 3685 1375 subeat
3731 1324 3984 1386 nem0,
4039 1300 4175 1375 nisi
4220 1302 4346 1408 qui
4397 1300 4503 1379 his

1275 1419 1529 1494 studiis
1578 1445 1662 1495 se
1714 1429 1942 1496 totum
1995 1422 2243 1508 dedat,
2299 1429 2420 1497 aut
2456 1421 2520 1496 si
2567 1421 2717 1509 cui,
2772 1429 2846 1496 ut
2892 1420 2967 1495 in
3014 1429 3197 1507 arte,
3253 1443 3470 1524 quam
3506 1417 3838 1520 elegerit,
3892 1417 4109 1493 docte
4159 1421 4502 1496 scienter-

1276 1560 1422 1643 que
1463 1540 1736 1615 versari
1787 1539 2041 1640 possit,
2095 1548 2244 1614 tum
2295 1538 2685 1614 litterarum
2740 1548 2886 1613 tum
2940 1538 3225 1641 linguae
3253 1537 3545 1612 Latinae
3573 1536 3809 1643 aliqua
3835 1561 4023 1637 opus
4047 1537 4139 1612 sit
4164 1538 4495 1641 cognitio.

1275 1655 1397 1730 Sic
1417 1656 1825 1754 judicantes
1870 1656 2013 1732 hoc
2065 1656 2280 1733 nobis
2330 1656 2666 1733 videmur
2717 1667 2915 1732 recte
2968 1655 3439 1743 concludere,
3495 1680 3662 1729 cum
3714 1654 3809 1730 de
3855 1679 4133 1744 rerum,
4187 1680 4377 1762 quae
4425 1656 4499 1730 in

1271 1772 1519 1848 litteris
1568 1773 2064 1851 Romanorum
2093 1774 2352 1862 insunt,
2392 1775 2689 1850 scientia
2719 1782 3121 1881 quaeratur,
3149 1772 3436 1848 illorum
3472 1772 3795 1879 utrisque
3825 1774 4304 1849 necessariam
4333 1798 4499 1848 esse

1268 1887 1656 1965 litterarum
1734 1889 2289 1993 archetyparum
2346 1893 2872 1996 cognitionem3
2940 1891 3076 1967 hos
3123 1899 3396 1979 autem,
3457 1890 3583 1997 qui
3634 1889 3804 1966 nihil
3855 1890 3991 1966 nisi
4034 1917 4496 1968 communem

1265 2004 1455 2081 illam
1510 2009 1932 2084 eruditionis
1982 2007 2585 2117 humanitatisque
2638 2009 3340 2086 commendationem
3372 2017 3899 2096 consectentur,
3932 2019 4006 2085 et
4034 2010 4495 2086 commodius

1267 2132 1341 2200 et
1390 2127 1619 2229 magis
1670 2126 1932 2202 utiliter
1980 2125 2182 2203 bono
2229 2128 2471 2236 aliquo
2529 2129 2628 2204 uti
2679 2129 3087 2229 interprete.

1565 2276 1715 2350 Sed
1762 2286 2147 2385 antequam
2189 2278 2382 2354 hunc
2432 2279 2527 2355 de
2569 2277 3160 2379 interpretatione
3202 2276 3445 2351 locum
3490 2274 3926 2379 relinquam,
3976 2272 4492 2374 apponendum

1262 2390 1436 2468 mihi
1475 2392 1761 2469 videtur
1810 2397 2450 2505 statuendamque,
2505 2423 2599 2473 ne
2650 2395 3074 2474 recentioris
3128 2393 3422 2501 quidem
3478 2392 3710 2468 cultus
3760 2400 3976 2499 atque
4042 2390 4492 2466 humanitatis

1262 2535 1704 2617 quemquam
1751 2538 1973 2613 posse
2024 2514 2349 2590 altiorem
2401 2516 2706 2618 gradum
2763 2514 3167 2591 ascendere
3217 2511 3373 2586 sine
3414 2510 3655 2616 aliqua
3702 2509 3989 2612 linguae
4043 2509 4336 2585 Latinae
4387 2519 4491 2583 at-

1261 2653 1406 2734 que
1486 2629 1676 2704 adeo
1758 2631 2090 2706 Graecae
2137 2633 2453 2709 scientia.
2561 2635 2705 2708 Tot
2756 2633 2946 2708 enim
2999 2628 3357 2706 vocabula
3403 2638 3550 2704 tam
3604 2631 3889 2704 Graeca
3942 2653 4157 2734 quam
4204 2627 4486 2710 Latina,

1258 2770 1449 2853 quae
1487 2751 1640 2845 jam
1693 2772 1840 2823 nou
1888 2749 2125 2824 solum
2173 2759 2538 2860 tamquam
2565 2752 2848 2829 termini
2874 2747 3212 2835 technici,
3244 2748 3377 2822 sed
3410 2772 3644 2849 paene
3674 2770 3806 2847 pro
3836 2745 4251 2821 domesticis
4281 2771 4486 2822 usur·

1253 2874 1533 2966 pentur,
1565 2865 1636 2940 in
1690 2891 2107 2943 sermonem
2163 2877 2490 2945 nostrum
2545 2870 2994 2976 omninoque
3043 2868 3117 2943 in
3167 2868 3446 2970 linguas
3497 2865 3942 2940 recentiores
3975 2864 4090 2940 vel
4117 2867 4484 2941 temeritas

1253 2981 1538 3059 admisit
1575 2984 1691 3059 vel
1740 2985 2110 3062 arcessivit
2156 2986 2430 3088 inopia,
2485 2997 2562 3063 ut
2603 2988 2911 3074 litterae,
2940 3009 3444 3091 quaecumque
3466 2992 3696 3070 erunt,
3719 2982 3792 3058 in
3833 2982 4096 3089 quibus
4117 2982 4332 3058 insint
4366 2982 4484 3057 illa

1257 3146 1351 3161 —
1396 3112 1469 3176 et
1516 3101 1760 3180 insunt
1811 3103 2105 3210 quidem
2160 3104 2432 3211 ubique
2485 3105 2670 3193 fere,
2722 3106 2931 3181 etiam
2970 3104 3042 3179 in
3091 3103 3313 3178 «actis
3342 3101 3660 3178 diurnis»
3693 3147 3786 3159 -—
3814 3100 3984 3176 satis
4012 3100 4304 3203 intelligi
4332 3124 4482 3175 non

1249 3219 1557 3319 possint,
1609 3220 1745 3302 nisi
1790 3222 2277 3322 praecedente
2327 3223 2569 3331 aliqua
2610 3223 3048 3326 Linguarum
3097 3224 3429 3297 Graecae
3485 3228 3556 3294 et
3592 3218 3886 3294 Latinae
3935 3217 4200 3293 notitia.
4305 3219 4475 3292 Hoc

1247 3335 1343 3417 ita
1392 3363 1559 3413 esse
1608 3364 1759 3421 non
1816 3340 2025 3423 facile
2077 3340 2403 3429 fatentur,
2466 3342 2590 3450 qui
2639 3340 2973 3417 inchoata
3037 3338 3346 3448 quadam
3400 3362 3641 3413 rerum
3696 3338 4221 3443 notionumque
4271 3362 4477 3412 com-

1248 3456 1571 3531 munium
1616 3457 2079 3562 intelligentia
2127 3459 2552 3560 superbiunt
2584 3507 2677 3521 —
2721 3459 3106 3534 molestum
3160 3458 3353 3533 enim
3406 3467 3518 3532 est
3561 3455 3765 3530 fateri
3795 3502 3886 3514 —
3916 3453 4052 3530 sed
4076 3453 4472 3541 foeminae,

1246 3597 1529 3680 eaeque
1576 3575 1872 3680 ingenio
1927 3589 2000 3655 et
2049 3577 2259 3656 animi
2311 3576 2505 3653 cultu
2561 3577 3035 3665 excellentes,
3087 3576 3402 3679 ingenue
3451 3574 3762 3651 fatentur
3812 3583 3887 3649 et
3936 3572 4029 3648 de
4082 3598 4208 3658 eo,
4265 3573 4470 3679 quod

1245 3690 1480 3767 desint
1533 3693 1707 3794 ipsis
1762 3694 1878 3770 illa
1925 3695 2296 3771 doctrinae
2351 3695 2809 3800 elegantioris
2862 3695 3355 3782 fundamenta,
3408 3702 3808 3800 queruntur
3858 3690 4092 3766 etiam.
4172 3692 4469 3765 Frustra

1244 3829 1385 3896 est,
1474 3812 1676 3919 quod
1757 3812 1917 3926 quis
1996 3814 2292 3903 dixerit,
2343 3839 2491 3889 non
2536 3812 2957 3913 interposita
3014 3813 3152 3889 ulla
3201 3812 3467 3888 litteras
3510 3809 3837 3916 antiquas
3889 3808 4217 3885 discendi
4258 3835 4468 3884 mora

1241 3934 1315 4001 et
1367 3925 1780 4005 difficultate
1852 3955 2006 4006 rem
2081 3931 2290 4010 facile
2339 3958 2561 4033 posse
2614 3931 2949 4033 expediri
2996 3956 3251 4006 eorum
3299 3929 3794 4038 frequentiore
3846 3954 3980 4005 usu
4029 3929 4465 4004 instrumen—

1238 4053 1510 4133 torum,
1571 4071 1760 4158 quae
1801 4051 1954 4146 jam
2001 4049 2095 4125 ad
2148 4051 2391 4127 omnia
2437 4049 2864 4127 brevissime
2915 4048 3363 4154 degustanda
3411 4048 3701 4123 inventa
3746 4047 3915 4136 sint;
3967 4045 4194 4122 modo
4222 4046 4466 4122 lexica

1235 4162 1487 4252 realia,
1549 4165 1774 4241 modo
1829 4192 2056 4267 opera
2099 4168 2717 4270 encyclopaedica
2760 4168 3225 4270 appellarunt.
3332 4164 3513 4240 Nam
3564 4188 3704 4240 nec
3730 4163 3970 4241 insunt
4004 4165 4247 4241 omnia
4279 4166 4353 4240 in
4381 4191 4470 4239 o-

1233 4280 1532 4382 peribus
1588 4283 2022 4373 istiusmodi,
2074 4310 2317 4392 neque
2368 4285 2477 4363 his
2527 4297 2727 4364 recte
2776 4288 2909 4375 uti,
2958 4312 3125 4362 cum
3176 4310 3362 4386 opus
3397 4294 3537 4372 est,
3577 4282 3749 4359 satis
3778 4284 4040 4371 sciunt,
4082 4282 4463 4384 quiscien-

1231 4398 1327 4473 tia
1380 4425 1663 4508 usuque
1714 4401 2106 4479 litterarum
2157 4405 2607 4512 antiquarum
2656 4406 2953 4481 omnino
3004 4418 3278 4489 carent,
3334 4410 3406 4478 et
3454 4401 3845 4478 maturiore
3894 4410 4125 4476 aetate
4156 4401 4297 4476 hoc
4328 4426 4462 4476 ne·

1229 4516 1505 4619 gligunt
1550 4519 1952 4610 fastidiose,
2013 4511 2355 4631 quoniam
2406 4549 2492 4598 ea
2543 4534 2773 4599 aetate
2824 4548 2943 4599 res
2985 4523 3177 4623 ipsas
3207 4520 3704 4623 cognoscendi
3727 4521 4039 4596 studium
4063 4518 4458 4594 vehemen-

1229 4635 1368 4709 tius
1421 4645 1558 4725 est,
1625 4664 1842 4745 quam
1896 4651 2003 4729 ut,
2056 4641 2182 4747 qui
2235 4665 2389 4716 rem
2442 4642 2671 4742 ipsam
2723 4641 3131 4747 quampiam
3156 4638 3476 4747 quodam
3503 4637 3730 4714 modo
3769 4638 3906 4714 sibi
3943 4638 4319 4738 percipere
4348 4639 4457 4712 vi-

1230 4751 1503 4842 deatur,
1560 4782 1751 4862 quae
1804 4757 1914 4833 vis
1982 4759 2072 4834 sit
2134 4758 2429 4860 propria
2485 4757 2820 4834 vocabuli
2872 4759 3174 4857 alicujus
3224 4759 3341 4833 vel
3391 4757 3745 4833 formulae
3793 4755 4175 4862 loquendi,
4228 4780 4456 4861 quae-

1226 4895 1394 4947 rere
1437 4882 1640 4949 curet
1687 4884 1810 4949 aut
1855 4875 2060 4975 pensi
2107 4875 2369 4951 habeat
2416 4876 2490 4951 in
2540 4901 2621 4951 re
2671 4902 2819 4951 non
2872 4902 3171 4978 prorsus
3200 4874 3640 4962 necessaria,
3696 4883 3773 4952 ut
3806 4874 4111 4973 judicat,
4165 4881 4452 4973 tempus

1224 4998 1483 5064 terere.
1587 4992 1706 5067 Ex
1765 5018 1914 5098 quo
1954 4991 2262 5068 efficitur
2310 5008 2417 5081 ut,
2466 4994 2592 5101 qui
2643 4994 2835 5070 nulla
2866 4994 3184 5070 imbutus
3206 4995 3298 5070 sit
3318 4994 3708 5069 litterarum
3736 4992 4186 5098 antiquarum
4215 4990 4452 5065 scien—

1220 5105 1346 5194 tia,
1420 5107 1668 5210 legere
1733 5134 1880 5184 non
1958 5110 2183 5211 possit
2256 5111 2642 5219 quicquam
2695 5111 2804 5188 his
2853 5113 3030 5214 ipsis
3079 5110 3529 5213 temporibus
3579 5110 3961 5210 scriptum,
4015 5110 4168 5184 sive
4214 5107 4450 5210 philo—

1220 5223 1521 5326 sophiae
1576 5225 1817 5335 aliqua
1861 5226 2153 5328 scriptio
2198 5229 2317 5318 sit,
2369 5231 2524 5307 sive
2570 5230 2665 5306 de
2714 5230 2936 5306 rebus
2986 5230 3293 5332 publicis
3327 5228 3803 5335 civilibusque
3833 5227 4252 5331 disputatio,
4285 5227 4446 5302 sive

1218 5352 1482 5444 poema
1532 5344 1861 5452 aliquod,
1936 5345 2090 5422 sive
2161 5347 2403 5426 fabula
2452 5349 2963 5438 Romanensis,
3016 5374 3206 5458 quae
3257 5357 3578 5437 vocatur,
3634 5349 3808 5456 quin
3861 5345 4126 5423 crebro
4176 5345 4450 5422 incidat
