<?xml version="1.0" encoding="UTF-8"?>
<!DOCTYPE html PUBLIC "-//W3C//DTD XHTML 1.0 Transitional//EN"
    "http://www.w3.org/TR/xhtml1/DTD/xhtml1-transitional.dtd">
<html xmlns="http://www.w3.org/1999/xhtml" xml:lang="en" lang="en">
 <head>
  <title>
</title>
<meta http-equiv="Content-Type" content="text/html;charset=utf-8" />
  <meta name='ocr-system' content='tesseract 3.04.00' />
  <meta name='ocr-capabilities' content='ocr_page ocr_carea ocr_par ocr_line ocrx_word'/>
</head>
<body>
  <div class='ocr_page' id='page_1' title='image "./novaactaregiaes00uppsgoog_0056.png"; bbox 0 0 4984 6517; ppageno 0'>
   <div class='ocr_carea' id='block_1_1' title="bbox 1237 1374 1296 1441">
    <p class='ocr_par' dir='ltr' id='par_1_1' title="bbox 1237 1374 1296 1441">
     <span class='ocr_line' id='line_1_1' title="bbox 1237 1374 1296 1441; baseline -0.051 0"><span class='ocrx_word' id='word_1_1' title='bbox 1237 1374 1296 1441; x_wconf 81' lang='lat'>3.</span> 
     </span>
    </p>
   </div>
   <div class='ocr_carea' id='block_1_2' title="bbox 1236 2270 1296 2334">
    <p class='ocr_par' dir='ltr' id='par_1_2' title="bbox 1236 2270 1296 2334">
     <span class='ocr_line' id='line_1_2' title="bbox 1236 2270 1296 2334; baseline 0 0"><span class='ocrx_word' id='word_1_2' title='bbox 1236 2270 1296 2334; x_wconf 87' lang='grc'>4.</span> 
     </span>
    </p>
   </div>
   <div class='ocr_carea' id='block_1_3' title="bbox 1230 2809 1289 2874">
    <p class='ocr_par' dir='ltr' id='par_1_3' title="bbox 1230 2809 1289 2874">
     <span class='ocr_line' id='line_1_3' title="bbox 1230 2809 1289 2874; baseline -0.017 0"><span class='ocrx_word' id='word_1_3' title='bbox 1230 2809 1289 2874; x_wconf 82' lang='lat'>5.</span> 
     </span>
    </p>
   </div>
   <div class='ocr_carea' id='block_1_4' title="bbox 1226 3544 1287 3611">
    <p class='ocr_par' dir='ltr' id='par_1_4' title="bbox 1226 3544 1287 3611">
     <span class='ocr_line' id='line_1_4' title="bbox 1226 3544 1253 3611; baseline 0 0"><span class='ocrx_word' id='word_1_4' title='bbox 1226 3544 1253 3611; x_wconf 86' lang='lat' dir='ltr'>·l</span> 
     </span>
     <span class='ocr_line' id='line_1_5' title="bbox 1270 3596 1287 3610; baseline 0 0"><span class='ocrx_word' id='word_1_5' title='bbox 1270 3596 1287 3610; x_wconf 63' lang='lat' dir='ltr'>C</span> 
     </span>
    </p>
   </div>
   <div class='ocr_carea' id='block_1_5' title="bbox 1348 522 1477 613">
    <p class='ocr_par' dir='ltr' id='par_1_5' title="bbox 1348 522 1477 613">
     <span class='ocr_line' id='line_1_6' title="bbox 1348 522 1477 613; baseline 0 0"><span class='ocrx_word' id='word_1_6' title='bbox 1348 522 1477 613; x_wconf 66' lang='lat'>⁸⁰</span> 
     </span>
    </p>
   </div>
   <div class='ocr_carea' id='block_1_6' title="bbox 1439 733 4484 1311">
    <p class='ocr_par' dir='ltr' id='par_1_6' title="bbox 1439 733 4484 1311">
     <span class='ocr_line' id='line_1_7' title="bbox 1547 733 4482 852; baseline 0.004 -38"><span class='ocrx_word' id='word_1_7' title='bbox 1547 740 1613 815; x_wconf 88' lang='lat' dir='ltr'><strong>E</strong></span> <span class='ocrx_word' id='word_1_8' title='bbox 1670 738 2150 838; x_wconf 80' lang='lat' dir='ltr'>speciminibus</span> <span class='ocrx_word' id='word_1_9' title='bbox 2202 764 2241 811; x_wconf 80' lang='lat' dir='ltr'>a</span> <span class='ocrx_word' id='word_1_10' title='bbox 2292 733 2472 813; x_wconf 84' lang='lat' dir='ltr'>Rev.</span> <span class='ocrx_word' id='word_1_11' title='bbox 2537 736 2782 815; x_wconf 72' lang='lat' dir='ltr'>Curtis</span> <span class='ocrx_word' id='word_1_12' title='bbox 2833 741 3054 819; x_wconf 86' lang='lat' dir='ltr'>missis</span> <span class='ocrx_word' id='word_1_13' title='bbox 3099 741 3280 821; x_wconf 89' lang='lat' dir='ltr'>hunc</span> <span class='ocrx_word' id='word_1_14' title='bbox 3321 744 3631 849; x_wconf 79' lang='lat' dir='ltr'>fungum,</span> <span class='ocrx_word' id='word_1_15' title='bbox 3677 745 3789 823; x_wconf 90' lang='lat' dir='ltr'>diu</span> <span class='ocrx_word' id='word_1_16' title='bbox 3836 760 3912 822; x_wconf 89' lang='lat' dir='ltr'>ut</span> <span class='ocrx_word' id='word_1_17' title='bbox 3958 747 4232 824; x_wconf 87' lang='lat' dir='ltr'>dubium</span> <span class='ocrx_word' id='word_1_18' title='bbox 4286 780 4482 852; x_wconf 85' lang='lat' dir='ltr'>sepo-</span> 
     </span>
     <span class='ocr_line' id='line_1_8' title="bbox 1439 854 4482 970; baseline 0.003 -36"><span class='ocrx_word' id='word_1_19' title='bbox 1439 864 1669 944; x_wconf 88' lang='lat' dir='ltr'>situm,</span> <span class='ocrx_word' id='word_1_20' title='bbox 1728 858 2130 957; x_wconf 83' lang='lat' dir='ltr'>recognovi,</span> <span class='ocrx_word' id='word_1_21' title='bbox 2182 884 2334 929; x_wconf 86' lang='lat' dir='ltr'>nam</span> <span class='ocrx_word' id='word_1_22' title='bbox 2387 854 2819 934; x_wconf 86' lang='lat' dir='ltr'>Schweinizii</span> <span class='ocrx_word' id='word_1_23' title='bbox 2868 862 3234 964; x_wconf 80' lang='lat' dir='ltr'>descriptio</span> <span class='ocrx_word' id='word_1_24' title='bbox 3281 867 3557 939; x_wconf 89' lang='lat' dir='ltr'>multum</span> <span class='ocrx_word' id='word_1_25' title='bbox 3604 868 3876 942; x_wconf 78' lang='lat' dir='ltr'>recedit.</span> <span class='ocrx_word' id='word_1_26' title='bbox 3977 867 4055 941; x_wconf 91' lang='lat' dir='ltr'>In</span> <span class='ocrx_word' id='word_1_27' title='bbox 4109 874 4482 970; x_wconf 89' lang='lat' dir='ltr'>specimini-</span> 
     </span>
     <span class='ocr_line' id='line_1_9' title="bbox 1444 976 4484 1086; baseline 0.004 -34"><span class='ocrx_word' id='word_1_28' title='bbox 1444 981 1576 1053; x_wconf 88' lang='lat' dir='ltr'>bus</span> <span class='ocrx_word' id='word_1_29' title='bbox 1634 979 1808 1051; x_wconf 88' lang='lat' dir='ltr'>enim</span> <span class='ocrx_word' id='word_1_30' title='bbox 1859 976 2330 1077; x_wconf 86' lang='lat' dir='ltr'>praesentibus</span> <span class='ocrx_word' id='word_1_31' title='bbox 2383 976 2686 1051; x_wconf 82' lang='lat' dir='ltr'>lamellae</span> <span class='ocrx_word' id='word_1_32' title='bbox 2739 1006 2963 1079; x_wconf 90' lang='lat' dir='ltr'>neque</span> <span class='ocrx_word' id='word_1_33' title='bbox 3014 985 3443 1073; x_wconf 80' lang='lat' dir='ltr'>tenerrimae,</span> <span class='ocrx_word' id='word_1_34' title='bbox 3496 1013 3717 1086; x_wconf 91' lang='lat' dir='ltr'>neque</span> <span class='ocrx_word' id='word_1_35' title='bbox 3771 988 4331 1077; x_wconf 79' lang='lat' dir='ltr'>confertissimae,</span> <span class='ocrx_word' id='word_1_36' title='bbox 4368 992 4484 1064; x_wconf 87' lang='lat' dir='ltr'>sed</span> 
     </span>
     <span class='ocr_line' id='line_1_10' title="bbox 1440 1092 4483 1206; baseline 0.005 -37"><span class='ocrx_word' id='word_1_37' title='bbox 1440 1097 1613 1170; x_wconf 89' lang='lat' dir='ltr'>illius</span> <span class='ocrx_word' id='word_1_38' title='bbox 1643 1099 1835 1169; x_wconf 83' lang='lat' dir='ltr'>Pani</span> <span class='ocrx_word' id='word_1_39' title='bbox 1881 1092 2198 1169; x_wconf 76' lang='lat' dir='ltr'>conchati</span> <span class='ocrx_word' id='word_1_40' title='bbox 2250 1095 2519 1168; x_wconf 88' lang='lat' dir='ltr'>similes.</span> <span class='ocrx_word' id='word_1_41' title='bbox 2622 1092 2986 1172; x_wconf 84' lang='lat' dir='ltr'>Proximus</span> <span class='ocrx_word' id='word_1_42' title='bbox 3040 1112 3145 1173; x_wconf 89' lang='lat' dir='ltr'>est</span> <span class='ocrx_word' id='word_1_43' title='bbox 3195 1103 3396 1174; x_wconf 82' lang='lat' dir='ltr'>Pano</span> <span class='ocrx_word' id='word_1_44' title='bbox 3443 1116 3869 1179; x_wconf 78' lang='lat' dir='ltr'>mauritiano</span> <span class='ocrx_word' id='word_1_45' title='bbox 3889 1164 3906 1193; x_wconf 94' lang='lat'>,</span> <span class='ocrx_word' id='word_1_46' title='bbox 3961 1109 4073 1206; x_wconf 91' lang='lat' dir='ltr'>qui</span> <span class='ocrx_word' id='word_1_47' title='bbox 4097 1108 4278 1183; x_wconf 90' lang='lat' dir='ltr'>idem</span> <span class='ocrx_word' id='word_1_48' title='bbox 4303 1111 4483 1184; x_wconf 86' lang='lat' dir='ltr'>vide·</span> 
     </span>
     <span class='ocr_line' id='line_1_11' title="bbox 1440 1211 3738 1311; baseline 0.003 -22"><span class='ocrx_word' id='word_1_49' title='bbox 1440 1230 1548 1289; x_wconf 88' lang='lat' dir='ltr'>tur</span> <span class='ocrx_word' id='word_1_50' title='bbox 1596 1243 1750 1289; x_wconf 89' lang='lat' dir='ltr'>cum</span> <span class='ocrx_word' id='word_1_51' title='bbox 1807 1214 1948 1311; x_wconf 77' lang='lat' dir='ltr'>Ag.</span> <span class='ocrx_word' id='word_1_52' title='bbox 2012 1222 2441 1286; x_wconf 80' lang='lat' dir='ltr'>mauritiano</span> <span class='ocrx_word' id='word_1_53' title='bbox 2493 1211 2775 1288; x_wconf 84' lang='lat' dir='ltr'>Leveill.</span> <span class='ocrx_word' id='word_1_54' title='bbox 2828 1218 2894 1290; x_wconf 91' lang='lat' dir='ltr'>in</span> <span class='ocrx_word' id='word_1_55' title='bbox 2945 1214 3125 1291; x_wconf 90' lang='lat' dir='ltr'>Ann.</span> <span class='ocrx_word' id='word_1_56' title='bbox 3180 1215 3298 1293; x_wconf 88' lang='lat' dir='ltr'>Sc.</span> <span class='ocrx_word' id='word_1_57' title='bbox 3352 1217 3512 1295; x_wconf 88' lang='lat' dir='ltr'>Nat.</span> <span class='ocrx_word' id='word_1_58' title='bbox 3556 1228 3738 1297; x_wconf 82' lang='grc'><strong>4844.</strong></span> 
     </span>
    </p>
   </div>
   <div class='ocr_carea' id='block_1_7' title="bbox 1432 1365 4485 1475">
    <p class='ocr_par' dir='ltr' id='par_1_7' title="bbox 1432 1365 4485 1475">
     <span class='ocr_line' id='line_1_12' title="bbox 1432 1365 4485 1475; baseline 0.003 -35"><span class='ocrx_word' id='word_1_59' title='bbox 1432 1366 1510 1440; x_wconf 89' lang='grc' dir='ltr'>Ρ.</span> <span class='ocrx_word' id='word_1_60' title='bbox 1564 1386 2075 1441; x_wconf 77' lang='lat' dir='ltr'>XYLOPODIUS.</span> <span class='ocrx_word' id='word_1_61' title='bbox 2186 1365 2530 1439; x_wconf 78' lang='lat' dir='ltr'>Lentinus</span> <span class='ocrx_word' id='word_1_62' title='bbox 2575 1369 3011 1468; x_wconf 69' lang='lat' dir='ltr'>xylopodius.</span> <span class='ocrx_word' id='word_1_63' title='bbox 3060 1369 3235 1445; x_wconf 82' lang='lat' dir='ltr'>LeV.</span> <span class='ocrx_word' id='word_1_64' title='bbox 3293 1370 3486 1449; x_wconf 87' lang='lat' dir='ltr'>Ann.</span> <span class='ocrx_word' id='word_1_65' title='bbox 3539 1371 3655 1446; x_wconf 88' lang='lat' dir='ltr'>Sc.</span> <span class='ocrx_word' id='word_1_66' title='bbox 3708 1368 3861 1445; x_wconf 83' lang='lat' dir='ltr'>Nat.</span> <span class='ocrx_word' id='word_1_67' title='bbox 3917 1379 4099 1449; x_wconf 71' lang='grc'><strong>4846.</strong></span> <span class='ocrx_word' id='word_1_68' title='bbox 4149 1374 4233 1459; x_wconf 83' lang='grc' dir='ltr'><strong>Π.</strong></span> <span class='ocrx_word' id='word_1_69' title='bbox 4269 1400 4336 1475; x_wconf 87' lang='lat' dir='ltr'>p.</span> <span class='ocrx_word' id='word_1_70' title='bbox 4370 1382 4485 1450; x_wconf 70' lang='lat'>4119</span> 
     </span>
    </p>
   </div>
   <div class='ocr_carea' id='block_1_8' title="bbox 1438 1481 2723 1677">
    <p class='ocr_par' dir='ltr' id='par_1_8' title="bbox 1438 1481 2723 1677">
     <span class='ocr_line' id='line_1_13' title="bbox 1438 1481 2073 1586; baseline -0.008 -26"><span class='ocrx_word' id='word_1_71' title='bbox 1438 1484 1655 1586; x_wconf 84' lang='lat' dir='ltr'>plene</span> <span class='ocrx_word' id='word_1_72' title='bbox 1710 1481 2073 1556; x_wconf 86' lang='lat' dir='ltr'>convenit.</span> 
     </span>
     <span class='ocr_line' id='line_1_14' title="bbox 1537 1597 2723 1677; baseline 0 0"><span class='ocrx_word' id='word_1_73' title='bbox 1537 1604 1621 1677; x_wconf 87' lang='lat' dir='ltr'>In</span> <span class='ocrx_word' id='word_1_74' title='bbox 1666 1604 1808 1677; x_wconf 90' lang='lat' dir='ltr'>Ins.</span> <span class='ocrx_word' id='word_1_75' title='bbox 1869 1602 1968 1675; x_wconf 85' lang='lat' dir='ltr'>St.</span> <span class='ocrx_word' id='word_1_76' title='bbox 2035 1597 2308 1674; x_wconf 70' lang='lat' dir='ltr'>Crucis</span> <span class='ocrx_word' id='word_1_77' title='bbox 2416 1602 2723 1677; x_wconf 74' lang='lat' dir='ltr'>Benzon.</span> 
     </span>
    </p>
   </div>
   <div class='ocr_carea' id='block_1_9' title="bbox 1438 1742 4481 1962">
    <p class='ocr_par' dir='ltr' id='par_1_9' title="bbox 1438 1742 4481 1962">
     <span class='ocr_line' id='line_1_15' title="bbox 1546 1742 4481 1853; baseline 0.003 -35"><span class='ocrx_word' id='word_1_78' title='bbox 1546 1742 1919 1844; x_wconf 87' lang='lat' dir='ltr'>Specimen</span> <span class='ocrx_word' id='word_1_79' title='bbox 1970 1772 2301 1845; x_wconf 84' lang='lat' dir='ltr'>praesens</span> <span class='ocrx_word' id='word_1_80' title='bbox 2355 1746 2572 1821; x_wconf 90' lang='lat' dir='ltr'>minus</span> <span class='ocrx_word' id='word_1_81' title='bbox 2625 1748 3033 1848; x_wconf 83' lang='lat' dir='ltr'>perfectum,</span> <span class='ocrx_word' id='word_1_82' title='bbox 3084 1748 3207 1822; x_wconf 89' lang='lat' dir='ltr'>sed</span> <span class='ocrx_word' id='word_1_83' title='bbox 3256 1746 3554 1823; x_wconf 84' lang='lat' dir='ltr'>lamellae</span> <span class='ocrx_word' id='word_1_84' title='bbox 3606 1744 3870 1823; x_wconf 86' lang='lat' dir='ltr'>Panum</span> <span class='ocrx_word' id='word_1_85' title='bbox 3944 1778 4098 1826; x_wconf 88' lang='lat' dir='ltr'>esse</span> <span class='ocrx_word' id='word_1_86' title='bbox 4176 1757 4481 1853; x_wconf 67' lang='lat' dir='ltr'>probant„</span> 
     </span>
     <span class='ocr_line' id='line_1_16' title="bbox 1438 1863 2648 1962; baseline -0.001 -25"><span class='ocrx_word' id='word_1_87' title='bbox 1438 1863 1557 1938; x_wconf 91' lang='lat' dir='ltr'>Ad</span> <span class='ocrx_word' id='word_1_88' title='bbox 1608 1865 1743 1936; x_wconf 90' lang='lat' dir='ltr'>hoc</span> <span class='ocrx_word' id='word_1_89' title='bbox 1795 1890 2012 1962; x_wconf 87' lang='lat' dir='ltr'>genus</span> <span class='ocrx_word' id='word_1_90' title='bbox 2065 1889 2276 1962; x_wconf 89' lang='lat' dir='ltr'>porro</span> <span class='ocrx_word' id='word_1_91' title='bbox 2328 1863 2648 1938; x_wconf 80' lang='lat' dir='ltr'>referam:</span> 
     </span>
    </p>
   </div>
   <div class='ocr_carea' id='block_1_10' title="bbox 1349 1980 4399 2203">
    <p class='ocr_par' dir='ltr' id='par_1_10' title="bbox 1349 1980 4399 2203">
     <span class='ocr_line' id='line_1_17' title="bbox 1352 1980 4399 2089; baseline 0.001 -32"><span class='ocrx_word' id='word_1_92' title='bbox 1352 1986 1385 2018; x_wconf 72' lang='lat'><em>⁶</em></span> <span class='ocrx_word' id='word_1_93' title='bbox 1434 1982 1519 2057; x_wconf 93' lang='lat' dir='ltr'>P.</span> <span class='ocrx_word' id='word_1_94' title='bbox 1572 2003 2096 2056; x_wconf 77' lang='lat' dir='ltr'>meno‘roMUs</span> <span class='ocrx_word' id='word_1_95' title='bbox 2134 2027 2198 2053; x_wconf 78' lang='lat'>·-·.</span> <span class='ocrx_word' id='word_1_96' title='bbox 2240 1982 2329 2054; x_wconf 89' lang='lat' dir='ltr'>A.</span> <span class='ocrx_word' id='word_1_97' title='bbox 2382 1982 2820 2056; x_wconf 77' lang='lat' dir='ltr'>dichotomus.</span> <span class='ocrx_word' id='word_1_98' title='bbox 2925 1980 3096 2057; x_wconf 89' lang='lat' dir='ltr'>Lev.</span> <span class='ocrx_word' id='word_1_99' title='bbox 3148 1982 3328 2056; x_wconf 90' lang='lat' dir='ltr'>Ann.</span> <span class='ocrx_word' id='word_1_100' title='bbox 3382 1980 3500 2057; x_wconf 89' lang='lat' dir='ltr'>Sc.</span> <span class='ocrx_word' id='word_1_101' title='bbox 3556 1982 3700 2057; x_wconf 85' lang='lat' dir='ltr'>Nat</span> <span class='ocrx_word' id='word_1_102' title='bbox 3773 1990 3954 2060; x_wconf 77' lang='grc'><strong>4844.</strong></span> <span class='ocrx_word' id='word_1_103' title='bbox 4003 1984 4089 2061; x_wconf 91' lang='lat' dir='ltr'>Il.</span> <span class='ocrx_word' id='word_1_104' title='bbox 4145 2015 4212 2089; x_wconf 88' lang='lat' dir='ltr'>p.</span> <span class='ocrx_word' id='word_1_105' title='bbox 4261 1995 4399 2062; x_wconf 70' lang='lat'><strong>⁴72.</strong></span> 
     </span>
     <span class='ocr_line' id='line_1_18' title="bbox 1349 2100 3953 2203; baseline 0 -27"><span class='ocrx_word' id='word_1_106' title='bbox 1349 2105 1382 2136; x_wconf 79' lang='lat'><em>⁰</em></span> <span class='ocrx_word' id='word_1_107' title='bbox 1436 2102 1520 2177; x_wconf 94' lang='grc' dir='ltr'><strong>Ρ.</strong></span> <span class='ocrx_word' id='word_1_108' title='bbox 1572 2122 2265 2176; x_wconf 73' lang='lat' dir='ltr'><strong>ANTROCEPHALUS</strong></span> <span class='ocrx_word' id='word_1_109' title='bbox 2298 2147 2365 2174; x_wconf 82' lang='lat'><strong><em>=</em></strong></span> <span class='ocrx_word' id='word_1_110' title='bbox 2405 2102 2494 2174; x_wconf 84' lang='lat' dir='ltr'>A.</span> <span class='ocrx_word' id='word_1_111' title='bbox 2547 2103 2816 2177; x_wconf 83' lang='lat' dir='ltr'>anthoc.</span> <span class='ocrx_word' id='word_1_112' title='bbox 2920 2100 3091 2176; x_wconf 86' lang='lat' dir='ltr'>Lev.</span> <span class='ocrx_word' id='word_1_113' title='bbox 3147 2103 3187 2174; x_wconf 88' lang='lat' dir='ltr'>l.</span> <span class='ocrx_word' id='word_1_114' title='bbox 3246 2128 3302 2176; x_wconf 92' lang='lat' dir='ltr'>c.</span> <span class='ocrx_word' id='word_1_115' title='bbox 3357 2108 3536 2177; x_wconf 83' lang='grc'><strong>4846.</strong></span> <span class='ocrx_word' id='word_1_116' title='bbox 3587 2101 3637 2176; x_wconf 93' lang='lat' dir='ltr'>I.</span> <span class='ocrx_word' id='word_1_117' title='bbox 3693 2131 3760 2203; x_wconf 89' lang='lat' dir='ltr'>p.</span> <span class='ocrx_word' id='word_1_118' title='bbox 3814 2110 3953 2178; x_wconf 82' lang='grc'><strong>445.</strong></span> 
     </span>
    </p>
   </div>
   <div class='ocr_carea' id='block_1_11' title="bbox 1428 2255 2591 2358">
    <p class='ocr_par' dir='ltr' id='par_1_11' title="bbox 1428 2255 2591 2358">
     <span class='ocr_line' id='line_1_19' title="bbox 1428 2255 2591 2358; baseline -0.002 -23"><span class='ocrx_word' id='word_1_119' title='bbox 1428 2260 1508 2335; x_wconf 91' lang='grc' dir='ltr'><strong>Ρ.</strong></span> <span class='ocrx_word' id='word_1_120' title='bbox 1558 2279 1919 2335; x_wconf 70' lang='lat' dir='ltr'>romnus.</span> <span class='ocrx_word' id='word_1_121' title='bbox 2025 2255 2267 2357; x_wconf 87' lang='lat' dir='ltr'>Epicr.</span> <span class='ocrx_word' id='word_1_122' title='bbox 2323 2283 2391 2358; x_wconf 92' lang='lat' dir='ltr'>p.</span> <span class='ocrx_word' id='word_1_123' title='bbox 2447 2266 2591 2333; x_wconf 83' lang='lat'>399.</span> 
     </span>
    </p>
   </div>
   <div class='ocr_carea' id='block_1_12' title="bbox 1436 2400 4485 2738">
    <p class='ocr_par' dir='ltr' id='par_1_12' title="bbox 1436 2400 4485 2738">
     <span class='ocr_line' id='line_1_20' title="bbox 1535 2400 4485 2492; baseline 0.002 -14"><span class='ocrx_word' id='word_1_124' title='bbox 1535 2404 1618 2479; x_wconf 92' lang='lat' dir='ltr'>In</span> <span class='ocrx_word' id='word_1_125' title='bbox 1664 2400 1998 2477; x_wconf 84' lang='lat' dir='ltr'>Mexico!</span> <span class='ocrx_word' id='word_1_126' title='bbox 2052 2401 2118 2475; x_wconf 84' lang='lat' dir='ltr'>F.</span> <span class='ocrx_word' id='word_1_127' title='bbox 2179 2400 2519 2476; x_wconf 85' lang='lat' dir='ltr'>Carolina</span> <span class='ocrx_word' id='word_1_128' title='bbox 2569 2424 2717 2475; x_wconf 88' lang='lat' dir='ltr'>una</span> <span class='ocrx_word' id='word_1_129' title='bbox 2767 2424 2934 2475; x_wconf 87' lang='lat' dir='ltr'>cum</span> <span class='ocrx_word' id='word_1_130' title='bbox 2987 2402 3073 2475; x_wconf 88' lang='lat' dir='ltr'>P.</span> <span class='ocrx_word' id='word_1_131' title='bbox 3130 2403 3423 2492; x_wconf 68' lang='lat' dir='ltr'>dot-sali,</span> <span class='ocrx_word' id='word_1_132' title='bbox 3477 2401 3595 2479; x_wconf 85' lang='lat' dir='ltr'>cui</span> <span class='ocrx_word' id='word_1_133' title='bbox 3646 2401 3913 2489; x_wconf 84' lang='lat' dir='ltr'>affinis,</span> <span class='ocrx_word' id='word_1_134' title='bbox 3989 2404 4180 2483; x_wconf 88' lang='lat' dir='ltr'>misit</span> <span class='ocrx_word' id='word_1_135' title='bbox 4245 2408 4485 2483; x_wconf 87' lang='lat' dir='ltr'>Curtis</span> 
     </span>
     <span class='ocr_line' id='line_1_21' title="bbox 1436 2516 4485 2621; baseline 0.002 -26"><span class='ocrx_word' id='word_1_136' title='bbox 1436 2521 1859 2597; x_wconf 88' lang='lat' dir='ltr'>varietatem</span> <span class='ocrx_word' id='word_1_137' title='bbox 1900 2519 2096 2621; x_wconf 89' lang='lat' dir='ltr'>pileo</span> <span class='ocrx_word' id='word_1_138' title='bbox 2151 2518 2453 2594; x_wconf 90' lang='lat' dir='ltr'>omnino</span> <span class='ocrx_word' id='word_1_139' title='bbox 2506 2516 2760 2595; x_wconf 90' lang='lat' dir='ltr'>sessili.</span> <span class='ocrx_word' id='word_1_140' title='bbox 2879 2519 3135 2598; x_wconf 84' lang='lat' dir='ltr'>»Odor</span> <span class='ocrx_word' id='word_1_141' title='bbox 3184 2522 3499 2598; x_wconf 88' lang='lat' dir='ltr'>recentis</span> <span class='ocrx_word' id='word_1_142' title='bbox 3550 2518 3788 2610; x_wconf 84' lang='lat' dir='ltr'>sortis,</span> <span class='ocrx_word' id='word_1_143' title='bbox 3838 2523 4241 2600; x_wconf 85' lang='lat' dir='ltr'>alliaceus.«</span> <span class='ocrx_word' id='word_1_144' title='bbox 4330 2524 4485 2601; x_wconf 86' lang='lat' dir='ltr'>Ha-</span> 
     </span>
     <span class='ocr_line' id='line_1_22' title="bbox 1436 2637 3837 2738; baseline 0 -23"><span class='ocrx_word' id='word_1_145' title='bbox 1436 2639 1631 2716; x_wconf 84' lang='lat' dir='ltr'>bitus</span> <span class='ocrx_word' id='word_1_146' title='bbox 1685 2640 1963 2714; x_wconf 61' lang='lat' dir='ltr'>Pusilli</span> <span class='ocrx_word' id='word_1_147' title='bbox 2012 2642 2434 2725; x_wconf 76' lang='lat' dir='ltr'>Panuoidis,</span> <span class='ocrx_word' id='word_1_148' title='bbox 2489 2637 2614 2738; x_wconf 85' lang='lat' dir='ltr'>qui</span> <span class='ocrx_word' id='word_1_149' title='bbox 2663 2638 2750 2711; x_wconf 87' lang='lat' dir='ltr'>A.</span> <span class='ocrx_word' id='word_1_150' title='bbox 2806 2642 3442 2717; x_wconf 75' lang='lat' dir='ltr'>croceolamellatus.</span> <span class='ocrx_word' id='word_1_151' title='bbox 3543 2638 3837 2716; x_wconf 86' lang='lat' dir='ltr'>Leveill.</span> 
     </span>
    </p>
   </div>
   <div class='ocr_carea' id='block_1_13' title="bbox 1423 2792 4000 2895">
    <p class='ocr_par' dir='ltr' id='par_1_13' title="bbox 1423 2792 4000 2895">
     <span class='ocr_line' id='line_1_23' title="bbox 1423 2792 4000 2895; baseline -0.001 -21"><span class='ocrx_word' id='word_1_152' title='bbox 1423 2801 1505 2874; x_wconf 91' lang='lat' dir='ltr'>P.</span> <span class='ocrx_word' id='word_1_153' title='bbox 1562 2819 2065 2874; x_wconf 66' lang='lat' dir='ltr'>susumus.</span> <span class='ocrx_word' id='word_1_154' title='bbox 2170 2794 2396 2871; x_wconf 92' lang='lat' dir='ltr'>Mont.</span> <span class='ocrx_word' id='word_1_155' title='bbox 2455 2792 2639 2869; x_wconf 88' lang='lat' dir='ltr'>Cub.</span> <span class='ocrx_word' id='word_1_156' title='bbox 2695 2820 2763 2895; x_wconf 88' lang='lat' dir='ltr'>p.</span> <span class='ocrx_word' id='word_1_157' title='bbox 2812 2802 2954 2871; x_wconf 84' lang='grc'><strong>444.</strong></span> <span class='ocrx_word' id='word_1_158' title='bbox 3000 2803 3046 2870; x_wconf 82' lang='lat' dir='ltr'>t.</span> <span class='ocrx_word' id='word_1_159' title='bbox 3104 2802 3204 2872; x_wconf 90' lang='grc'>47.</span> <span class='ocrx_word' id='word_1_160' title='bbox 3259 2796 3303 2872; x_wconf 88' lang='lat' dir='ltr'>f.</span> <span class='ocrx_word' id='word_1_161' title='bbox 3362 2808 3422 2871; x_wconf 72' lang='grc' dir='ltr'><strong>Ω.</strong></span> <span class='ocrx_word' id='word_1_162' title='bbox 3477 2794 3616 2871; x_wconf 91' lang='lat' dir='ltr'>sub</span> <span class='ocrx_word' id='word_1_163' title='bbox 3671 2795 4000 2872; x_wconf 86' lang='lat' dir='ltr'>Lentino.</span> 
     </span>
    </p>
   </div>
   <div class='ocr_carea' id='block_1_14' title="bbox 1534 2937 2065 3042">
    <p class='ocr_par' dir='ltr' id='par_1_14' title="bbox 1534 2937 2065 3042">
     <span class='ocr_line' id='line_1_24' title="bbox 1534 2937 2065 3042; baseline -0.008 -27"><span class='ocrx_word' id='word_1_164' title='bbox 1534 2942 1618 3015; x_wconf 93' lang='lat' dir='ltr'>In</span> <span class='ocrx_word' id='word_1_165' title='bbox 1667 2937 2065 3042; x_wconf 88' lang='lat' dir='ltr'>Domingo.</span> 
     </span>
    </p>
   </div>
   <div class='ocr_carea' id='block_1_15' title="bbox 1432 3072 4482 3299">
    <p class='ocr_par' dir='ltr' id='par_1_15' title="bbox 1432 3072 4482 3299">
     <span class='ocr_line' id='line_1_25' title="bbox 1532 3072 4482 3180; baseline 0 -25"><span class='ocrx_word' id='word_1_166' title='bbox 1532 3079 1927 3156; x_wconf 85' lang='lat' dir='ltr'>Pulchrum</span> <span class='ocrx_word' id='word_1_167' title='bbox 2006 3077 2201 3154; x_wconf 88' lang='lat' dir='ltr'>hunc</span> <span class='ocrx_word' id='word_1_168' title='bbox 2280 3076 2584 3180; x_wconf 87' lang='lat' dir='ltr'>fungum</span> <span class='ocrx_word' id='word_1_169' title='bbox 2641 3101 2685 3151; x_wconf 89' lang='lat' dir='ltr'>e</span> <span class='ocrx_word' id='word_1_170' title='bbox 2745 3073 3079 3179; x_wconf 85' lang='lat' dir='ltr'>diagnosi</span> <span class='ocrx_word' id='word_1_171' title='bbox 3154 3076 3245 3151; x_wconf 88' lang='lat' dir='ltr'>A.</span> <span class='ocrx_word' id='word_1_172' title='bbox 3315 3089 3705 3175; x_wconf 72' lang='lat' dir='ltr'>mgr-ammi</span> <span class='ocrx_word' id='word_1_173' title='bbox 3766 3072 3991 3152; x_wconf 88' lang='lat' dir='ltr'>Mont.</span> <span class='ocrx_word' id='word_1_174' title='bbox 4053 3077 4270 3154; x_wconf 86' lang='lat' dir='ltr'>missa</span> <span class='ocrx_word' id='word_1_175' title='bbox 4338 3080 4482 3155; x_wconf 88' lang='lat' dir='ltr'>sub</span> 
     </span>
     <span class='ocr_line' id='line_1_26' title="bbox 1432 3193 4035 3299; baseline -0.002 -25"><span class='ocrx_word' id='word_1_176' title='bbox 1432 3199 1741 3275; x_wconf 88' lang='lat' dir='ltr'>Lentino</span> <span class='ocrx_word' id='word_1_177' title='bbox 1793 3198 2044 3299; x_wconf 88' lang='lat' dir='ltr'>recepi</span> <span class='ocrx_word' id='word_1_178' title='bbox 2093 3197 2170 3273; x_wconf 92' lang='lat' dir='ltr'>in</span> <span class='ocrx_word' id='word_1_179' title='bbox 2218 3195 2497 3296; x_wconf 87' lang='lat' dir='ltr'>Epicr.;</span> <span class='ocrx_word' id='word_1_180' title='bbox 2548 3203 2622 3271; x_wconf 88' lang='lat' dir='ltr'>at</span> <span class='ocrx_word' id='word_1_181' title='bbox 2668 3194 2841 3270; x_wconf 89' lang='lat' dir='ltr'>visis</span> <span class='ocrx_word' id='word_1_182' title='bbox 2892 3193 3411 3294; x_wconf 85' lang='lat' dir='ltr'>speciminibus</span> <span class='ocrx_word' id='word_1_183' title='bbox 3460 3194 3741 3271; x_wconf 81' lang='lat' dir='ltr'>Panum</span> <span class='ocrx_word' id='word_1_184' title='bbox 3795 3196 4035 3272; x_wconf 77' lang='lat' dir='ltr'>video,</span> 
     </span>
    </p>
   </div>
   <div class='ocr_carea' id='block_1_16' title="bbox 2331 3385 3395 3487">
    <p class='ocr_par' dir='ltr' id='par_1_16' title="bbox 2331 3385 3395 3487">
     <span class='ocr_line' id='line_1_27' title="bbox 2331 3385 3395 3487; baseline -0.001 -27"><span class='ocrx_word' id='word_1_185' title='bbox 2331 3386 2728 3463; x_wconf 63' lang='lat' dir='ltr'>xeno-ms.</span> <span class='ocrx_word' id='word_1_186' title='bbox 2831 3385 3071 3486; x_wconf 88' lang='lat' dir='ltr'>Epicr.</span> <span class='ocrx_word' id='word_1_187' title='bbox 3127 3412 3196 3487; x_wconf 91' lang='lat' dir='ltr'>p.</span> <span class='ocrx_word' id='word_1_188' title='bbox 3256 3394 3395 3462; x_wconf 90' lang='grc'><strong>400.</strong></span> 
     </span>
    </p>
   </div>
   <div class='ocr_carea' id='block_1_17' title="bbox 1420 3530 3303 3778">
    <p class='ocr_par' dir='ltr' id='par_1_17' title="bbox 1420 3530 3303 3778">
     <span class='ocr_line' id='line_1_28' title="bbox 1420 3530 2681 3634; baseline -0.002 -24"><span class='ocrx_word' id='word_1_189' title='bbox 1420 3535 1511 3610; x_wconf 86' lang='grc' dir='ltr'><strong>Χ.</strong></span> <span class='ocrx_word' id='word_1_190' title='bbox 1569 3558 1793 3611; x_wconf 66' lang='lat' dir='ltr'>Aren.</span> <span class='ocrx_word' id='word_1_191' title='bbox 1894 3530 2135 3634; x_wconf 86' lang='lat' dir='ltr'>Epicr.</span> <span class='ocrx_word' id='word_1_192' title='bbox 2192 3531 2236 3608; x_wconf 96' lang='lat' dir='ltr'>l.</span> <span class='ocrx_word' id='word_1_193' title='bbox 2294 3557 2355 3606; x_wconf 90' lang='lat' dir='ltr'>c.</span> <span class='ocrx_word' id='word_1_194' title='bbox 2414 3558 2479 3633; x_wconf 92' lang='lat' dir='ltr'>p.</span> <span class='ocrx_word' id='word_1_195' title='bbox 2539 3539 2681 3608; x_wconf 78' lang='grc'><strong>404.</strong></span> 
     </span>
     <span class='ocr_line' id='line_1_29' title="bbox 1533 3674 3303 3778; baseline 0 -28"><span class='ocrx_word' id='word_1_196' title='bbox 1533 3676 1659 3750; x_wconf 91' lang='lat' dir='ltr'>Ad</span> <span class='ocrx_word' id='word_1_197' title='bbox 1705 3674 1899 3778; x_wconf 87' lang='lat' dir='ltr'>ligna</span> <span class='ocrx_word' id='word_1_198' title='bbox 1950 3674 2237 3775; x_wconf 82' lang='lat' dir='ltr'>putrida</span> <span class='ocrx_word' id='word_1_199' title='bbox 2285 3675 2359 3749; x_wconf 92' lang='lat' dir='ltr'>in</span> <span class='ocrx_word' id='word_1_200' title='bbox 2411 3675 2719 3751; x_wconf 86' lang='lat' dir='ltr'>Guinea.</span> <span class='ocrx_word' id='word_1_201' title='bbox 2826 3674 3005 3773; x_wconf 74' lang='lat' dir='ltr'>Afz.</span> <span class='ocrx_word' id='word_1_202' title='bbox 3059 3686 3143 3748; x_wconf 84' lang='lat' dir='ltr'>ic.</span> <span class='ocrx_word' id='word_1_203' title='bbox 3195 3681 3303 3750; x_wconf 68' lang='lat'>24.</span> 
     </span>
    </p>
   </div>
   <div class='ocr_carea' id='block_1_18' title="bbox 1424 3816 4484 4864">
    <p class='ocr_par' dir='ltr' id='par_1_18' title="bbox 1424 3816 4484 4864">
     <span class='ocr_line' id='line_1_30' title="bbox 1537 3816 4484 3921; baseline -0 -29"><span class='ocrx_word' id='word_1_204' title='bbox 1537 3816 1773 3919; x_wconf 89' lang='lat' dir='ltr'>Stipes</span> <span class='ocrx_word' id='word_1_205' title='bbox 1827 3823 2048 3921; x_wconf 90' lang='lat' dir='ltr'>primo</span> <span class='ocrx_word' id='word_1_206' title='bbox 2102 3821 2385 3908; x_wconf 81' lang='lat' dir='ltr'>farctus,</span> <span class='ocrx_word' id='word_1_207' title='bbox 2436 3847 2599 3893; x_wconf 87' lang='lat' dir='ltr'>mox</span> <span class='ocrx_word' id='word_1_208' title='bbox 2651 3846 2858 3892; x_wconf 86' lang='lat' dir='ltr'>cavus</span> <span class='ocrx_word' id='word_1_209' title='bbox 2905 3831 3018 3890; x_wconf 91' lang='lat' dir='ltr'>aut</span> <span class='ocrx_word' id='word_1_210' title='bbox 3044 3821 3271 3918; x_wconf 90' lang='lat' dir='ltr'>potius</span> <span class='ocrx_word' id='word_1_211' title='bbox 3315 3817 3693 3903; x_wconf 76' lang='lat' dir='ltr'>fistulosus,</span> <span class='ocrx_word' id='word_1_212' title='bbox 3739 3817 3999 3904; x_wconf 90' lang='lat' dir='ltr'>brevis,</span> <span class='ocrx_word' id='word_1_213' title='bbox 4050 3824 4089 3888; x_wconf 85' lang='lat'><strong>3</strong></span> <span class='ocrx_word' id='word_1_214' title='bbox 4139 3818 4245 3890; x_wconf 90' lang='lat' dir='ltr'>lin.</span> <span class='ocrx_word' id='word_1_215' title='bbox 4289 3844 4484 3891; x_wconf 85' lang='lat' dir='ltr'>cras·</span> 
     </span>
     <span class='ocr_line' id='line_1_31' title="bbox 1435 3935 4484 4038; baseline 0 -28"><span class='ocrx_word' id='word_1_216' title='bbox 1435 3964 1590 4024; x_wconf 84' lang='lat' dir='ltr'>sus,</span> <span class='ocrx_word' id='word_1_217' title='bbox 1643 3941 1974 4038; x_wconf 85' lang='lat' dir='ltr'>aequalis,</span> <span class='ocrx_word' id='word_1_218' title='bbox 2030 3940 2295 4037; x_wconf 83' lang='lat' dir='ltr'>glaber,</span> <span class='ocrx_word' id='word_1_219' title='bbox 2349 3938 2477 4012; x_wconf 91' lang='lat' dir='ltr'>sub</span> <span class='ocrx_word' id='word_1_220' title='bbox 2526 3939 2703 4010; x_wconf 90' lang='lat' dir='ltr'>lente</span> <span class='ocrx_word' id='word_1_221' title='bbox 2756 3937 3038 4037; x_wconf 86' lang='lat' dir='ltr'>pulchre</span> <span class='ocrx_word' id='word_1_222' title='bbox 3093 3940 3682 4037; x_wconf 85' lang='lat' dir='ltr'>striato—rugosus,</span> <span class='ocrx_word' id='word_1_223' title='bbox 3764 3935 4298 4035; x_wconf 82' lang='lat' dir='ltr'>rigido-fragilis,</span> <span class='ocrx_word' id='word_1_224' title='bbox 4375 3940 4484 4009; x_wconf 91' lang='lat' dir='ltr'>ni-</span> 
     </span>
     <span class='ocr_line' id='line_1_32' title="bbox 1430 4054 4482 4157; baseline -0 -30"><span class='ocrx_word' id='word_1_225' title='bbox 1430 4082 1590 4151; x_wconf 88' lang='lat' dir='ltr'>ger,</span> <span class='ocrx_word' id='word_1_226' title='bbox 1645 4057 1839 4155; x_wconf 85' lang='lat' dir='ltr'>apice</span> <span class='ocrx_word' id='word_1_227' title='bbox 1892 4057 2198 4130; x_wconf 84' lang='lat' dir='ltr'>dilatatus</span> <span class='ocrx_word' id='word_1_228' title='bbox 2248 4059 2314 4131; x_wconf 92' lang='lat' dir='ltr'>in</span> <span class='ocrx_word' id='word_1_229' title='bbox 2365 4057 2618 4157; x_wconf 88' lang='lat' dir='ltr'>pileum</span> <span class='ocrx_word' id='word_1_230' title='bbox 2680 4058 3191 4131; x_wconf 87' lang='lat' dir='ltr'>subcentralem.</span> <span class='ocrx_word' id='word_1_231' title='bbox 3310 4054 3544 4129; x_wconf 90' lang='lat' dir='ltr'>Pileus</span> <span class='ocrx_word' id='word_1_232' title='bbox 3596 4054 4019 4139; x_wconf 88' lang='lat' dir='ltr'>orbicularis,</span> <span class='ocrx_word' id='word_1_233' title='bbox 4069 4054 4211 4127; x_wconf 82' lang='lat' dir='ltr'>sere</span> <span class='ocrx_word' id='word_1_234' title='bbox 4259 4081 4482 4127; x_wconf 80' lang='lat' dir='ltr'>mern-</span> 
     </span>
     <span class='ocr_line' id='line_1_33' title="bbox 1430 4171 4484 4275; baseline -0.001 -27"><span class='ocrx_word' id='word_1_235' title='bbox 1430 4176 1836 4260; x_wconf 88' lang='lat' dir='ltr'>branaceus,</span> <span class='ocrx_word' id='word_1_236' title='bbox 1890 4174 2013 4249; x_wconf 88' lang='lat' dir='ltr'>sed</span> <span class='ocrx_word' id='word_1_237' title='bbox 2070 4174 2294 4248; x_wconf 87' lang='lat' dir='ltr'>aridus</span> <span class='ocrx_word' id='word_1_238' title='bbox 2346 4187 2415 4248; x_wconf 86' lang='lat' dir='ltr'>et</span> <span class='ocrx_word' id='word_1_239' title='bbox 2468 4173 2755 4274; x_wconf 80' lang='lat' dir='ltr'>rigidus,</span> <span class='ocrx_word' id='word_1_240' title='bbox 2814 4178 3034 4274; x_wconf 91' lang='lat' dir='ltr'>primo</span> <span class='ocrx_word' id='word_1_241' title='bbox 3089 4173 3946 4275; x_wconf 87' lang='lat' dir='ltr'>planoinsundibulisormis,</span> <span class='ocrx_word' id='word_1_242' title='bbox 4008 4171 4160 4244; x_wconf 92' lang='lat' dir='ltr'>dein</span> <span class='ocrx_word' id='word_1_243' title='bbox 4214 4171 4484 4271; x_wconf 91' lang='lat' dir='ltr'>planiu-</span> 
     </span>
     <span class='ocr_line' id='line_1_34' title="bbox 1429 4289 4484 4392; baseline -0.001 -26"><span class='ocrx_word' id='word_1_244' title='bbox 1429 4293 1692 4379; x_wconf 84' lang='lat' dir='ltr'>sculus‚</span> <span class='ocrx_word' id='word_1_245' title='bbox 1744 4305 1976 4367; x_wconf 88' lang='lat' dir='ltr'>centro</span> <span class='ocrx_word' id='word_1_246' title='bbox 2033 4292 2400 4391; x_wconf 87' lang='lat' dir='ltr'>depressus</span> <span class='ocrx_word' id='word_1_247' title='bbox 2456 4306 2526 4367; x_wconf 91' lang='lat' dir='ltr'>et</span> <span class='ocrx_word' id='word_1_248' title='bbox 2575 4293 2984 4392; x_wconf 83' lang='lat' dir='ltr'>laevigatus,</span> <span class='ocrx_word' id='word_1_249' title='bbox 3037 4306 3335 4367; x_wconf 88' lang='lat' dir='ltr'>ceterum</span> <span class='ocrx_word' id='word_1_250' title='bbox 3387 4292 3682 4391; x_wconf 89' lang='lat' dir='ltr'>undique</span> <span class='ocrx_word' id='word_1_251' title='bbox 3735 4292 3937 4365; x_wconf 88' lang='lat' dir='ltr'>sulcis</span> <span class='ocrx_word' id='word_1_252' title='bbox 3988 4317 4190 4363; x_wconf 89' lang='lat' dir='ltr'>secus</span> <span class='ocrx_word' id='word_1_253' title='bbox 4243 4289 4484 4364; x_wconf 84' lang='lat' dir='ltr'>lamel-</span> 
     </span>
     <span class='ocr_line' id='line_1_35' title="bbox 1425 4411 4482 4511; baseline -0 -28"><span class='ocrx_word' id='word_1_254' title='bbox 1425 4413 1523 4483; x_wconf 89' lang='lat' dir='ltr'>las</span> <span class='ocrx_word' id='word_1_255' title='bbox 1575 4414 1895 4511; x_wconf 87' lang='lat' dir='ltr'>repetito-</span> <span class='ocrx_word' id='word_1_256' title='bbox 1868 4411 2302 4485; x_wconf 88' lang='lat' dir='ltr'>-dichotomis</span> <span class='ocrx_word' id='word_1_257' title='bbox 2348 4412 2757 4486; x_wconf 86' lang='lat' dir='ltr'>radiantibus</span> <span class='ocrx_word' id='word_1_258' title='bbox 2810 4425 3151 4499; x_wconf 85' lang='lat' dir='ltr'>exaratus,</span> <span class='ocrx_word' id='word_1_259' title='bbox 3201 4418 3384 4483; x_wconf 78' lang='grc'><strong>3-4</strong></span> <span class='ocrx_word' id='word_1_260' title='bbox 3430 4438 3581 4484; x_wconf 90' lang='lat' dir='ltr'>unc.</span> <span class='ocrx_word' id='word_1_261' title='bbox 3630 4411 3835 4495; x_wconf 87' lang='lat' dir='ltr'>latus,</span> <span class='ocrx_word' id='word_1_262' title='bbox 3885 4412 4261 4483; x_wconf 82' lang='lat' dir='ltr'>exsiccatus</span> <span class='ocrx_word' id='word_1_263' title='bbox 4310 4435 4482 4509; x_wconf 84' lang='lat' dir='ltr'>spa-</span> 
     </span>
     <span class='ocr_line' id='line_1_36' title="bbox 1424 4528 4480 4630; baseline -0.001 -28"><span class='ocrx_word' id='word_1_264' title='bbox 1424 4531 1656 4603; x_wconf 91' lang='lat' dir='ltr'>diceo·</span> <span class='ocrx_word' id='word_1_265' title='bbox 1627 4529 1949 4628; x_wconf 80' lang='lat' dir='ltr'>·pallens3</span> <span class='ocrx_word' id='word_1_266' title='bbox 2002 4533 2300 4628; x_wconf 87' lang='lat' dir='ltr'>margine</span> <span class='ocrx_word' id='word_1_267' title='bbox 2334 4543 2523 4604; x_wconf 90' lang='lat' dir='ltr'>recto</span> <span class='ocrx_word' id='word_1_268' title='bbox 2576 4543 2849 4630; x_wconf 85' lang='lat' dir='ltr'>patente</span> <span class='ocrx_word' id='word_1_269' title='bbox 2901 4543 3119 4603; x_wconf 89' lang='lat' dir='ltr'>acuto.</span> <span class='ocrx_word' id='word_1_270' title='bbox 3228 4528 3605 4603; x_wconf 89' lang='lat' dir='ltr'>Contextus</span> <span class='ocrx_word' id='word_1_271' title='bbox 3649 4530 3897 4617; x_wconf 89' lang='lat' dir='ltr'>tenuis,</span> <span class='ocrx_word' id='word_1_272' title='bbox 3946 4528 4319 4612; x_wconf 89' lang='lat' dir='ltr'>floccosus,</span> <span class='ocrx_word' id='word_1_273' title='bbox 4367 4528 4480 4600; x_wconf 87' lang='lat' dir='ltr'>di-</span> 
     </span>
     <span class='ocr_line' id='line_1_37' title="bbox 1430 4644 4479 4749; baseline 0 -31"><span class='ocrx_word' id='word_1_274' title='bbox 1430 4648 1565 4721; x_wconf 85' lang='lat' dir='ltr'>lute</span> <span class='ocrx_word' id='word_1_275' title='bbox 1618 4648 2056 4746; x_wconf 85' lang='lat' dir='ltr'>ferrugineus.</span> <span class='ocrx_word' id='word_1_276' title='bbox 2158 4644 2503 4722; x_wconf 87' lang='lat' dir='ltr'>Lamellae</span> <span class='ocrx_word' id='word_1_277' title='bbox 2557 4647 2873 4735; x_wconf 85' lang='lat' dir='ltr'>adnatae,</span> <span class='ocrx_word' id='word_1_278' title='bbox 2924 4676 2962 4722; x_wconf 88' lang='lat' dir='ltr'>e</span> <span class='ocrx_word' id='word_1_279' title='bbox 3010 4651 3167 4749; x_wconf 90' lang='lat' dir='ltr'>pilei</span> <span class='ocrx_word' id='word_1_280' title='bbox 3205 4649 3416 4722; x_wconf 85' lang='lat' dir='ltr'>forma</span> <span class='ocrx_word' id='word_1_281' title='bbox 3456 4649 3692 4748; x_wconf 88' lang='lat' dir='ltr'>plano-</span> <span class='ocrx_word' id='word_1_282' title='bbox 3663 4647 4164 4732; x_wconf 20' lang='lat' dir='ltr'>*decurrentes</span> <span class='ocrx_word' id='word_1_283' title='bbox 4212 4645 4479 4744; x_wconf 87' lang='lat' dir='ltr'>plicae-</span> 
     </span>
     <span class='ocr_line' id='line_1_38' title="bbox 1430 4764 4480 4864; baseline 0 -28"><span class='ocrx_word' id='word_1_284' title='bbox 1430 4766 1712 4851; x_wconf 74' lang='lat' dir='ltr'>l&#39;ormes,</span> <span class='ocrx_word' id='word_1_285' title='bbox 1765 4766 1890 4839; x_wconf 89' lang='lat' dir='ltr'>sed</span> <span class='ocrx_word' id='word_1_286' title='bbox 1942 4767 2110 4839; x_wconf 88' lang='lat' dir='ltr'>latae</span> <span class='ocrx_word' id='word_1_287' title='bbox 2165 4765 2363 4860; x_wconf 85' lang='lat' dir='ltr'>(ultra</span> <span class='ocrx_word' id='word_1_288' title='bbox 2413 4766 2555 4864; x_wconf 89' lang='lat' dir='ltr'>lin.)</span> <span class='ocrx_word' id='word_1_289' title='bbox 2611 4765 2964 4854; x_wconf 87' lang='lat' dir='ltr'>distantes,</span> <span class='ocrx_word' id='word_1_290' title='bbox 3009 4770 3295 4853; x_wconf 87' lang='lat' dir='ltr'>strictae,</span> <span class='ocrx_word' id='word_1_291' title='bbox 3349 4765 3741 4863; x_wconf 87' lang='lat' dir='ltr'>regulariter</span> <span class='ocrx_word' id='word_1_292' title='bbox 3792 4775 3861 4837; x_wconf 90' lang='lat' dir='ltr'>et</span> <span class='ocrx_word' id='word_1_293' title='bbox 3906 4764 4480 4863; x_wconf 84' lang='lat' dir='ltr'>repetito—dicho-</span> 
     </span>
    </p>
   </div>
   <div class='ocr_carea' id='block_1_19' title="bbox 1346 4882 4480 4983">
    <p class='ocr_par' dir='ltr' id='par_1_19' title="bbox 1346 4882 4480 4983">
     <span class='ocr_line' id='line_1_39' title="bbox 1346 4882 4480 4983; baseline 0.001 -29"><span class='ocrx_word' id='word_1_294' title='bbox 1346 4902 1351 4906; x_wconf 78' lang='grc'><strong><em>’</em></strong></span> <span class='ocrx_word' id='word_1_295' title='bbox 1431 4896 1688 4970; x_wconf 78' lang='lat' dir='ltr'>tolnae,</span> <span class='ocrx_word' id='word_1_296' title='bbox 1737 4886 1883 4957; x_wconf 91' lang='lat' dir='ltr'>basi</span> <span class='ocrx_word' id='word_1_297' title='bbox 1908 4885 2291 4981; x_wconf 84' lang='lat' dir='ltr'>neutiquam</span> <span class='ocrx_word' id='word_1_298' title='bbox 2344 4896 2955 4972; x_wconf 85' lang='lat' dir='ltr'>anastomosantes,</span> <span class='ocrx_word' id='word_1_299' title='bbox 2993 4884 3784 4983; x_wconf 76' lang='lat' dir='ltr'>spadiceo—nigricanteS,</span> <span class='ocrx_word' id='word_1_300' title='bbox 3840 4882 3927 4954; x_wconf 91' lang='lat' dir='ltr'>ad</span> <span class='ocrx_word' id='word_1_301' title='bbox 3974 4883 4176 4956; x_wconf 87' lang='lat' dir='ltr'>latera</span> <span class='ocrx_word' id='word_1_302' title='bbox 4202 4885 4480 4983; x_wconf 85' lang='lat' dir='ltr'>griseo-</span> 
     </span>
    </p>
   </div>
   <div class='ocr_carea' id='block_1_20' title="bbox 1429 4999 4479 5219">
    <p class='ocr_par' dir='ltr' id='par_1_20' title="bbox 1429 4999 4479 5219">
     <span class='ocr_line' id='line_1_40' title="bbox 1430 4999 4479 5103; baseline 0.001 -31"><span class='ocrx_word' id='word_1_303' title='bbox 1430 5003 1809 5100; x_wconf 88' lang='lat' dir='ltr'>pruinosae.</span> <span class='ocrx_word' id='word_1_304' title='bbox 1913 5000 2163 5075; x_wconf 88' lang='lat' dir='ltr'>Descr.</span> <span class='ocrx_word' id='word_1_305' title='bbox 2230 5004 2295 5074; x_wconf 90' lang='lat' dir='ltr'>in</span> <span class='ocrx_word' id='word_1_306' title='bbox 2344 4999 2656 5077; x_wconf 89' lang='lat' dir='ltr'>Elencho</span> <span class='ocrx_word' id='word_1_307' title='bbox 2716 5002 2866 5076; x_wconf 84' lang='lat' dir='ltr'>data</span> <span class='ocrx_word' id='word_1_308' title='bbox 2922 5003 3007 5075; x_wconf 89' lang='lat' dir='ltr'>ad</span> <span class='ocrx_word' id='word_1_309' title='bbox 3064 5007 3408 5103; x_wconf 88' lang='lat' dir='ltr'>specimen</span> <span class='ocrx_word' id='word_1_310' title='bbox 3469 5028 3936 5102; x_wconf 87' lang='lat' dir='ltr'>compressum</span> <span class='ocrx_word' id='word_1_311' title='bbox 4001 5005 4217 5076; x_wconf 87' lang='lat' dir='ltr'>minus</span> <span class='ocrx_word' id='word_1_312' title='bbox 4279 5030 4479 5075; x_wconf 88' lang='lat' dir='ltr'>com-</span> 
     </span>
     <span class='ocr_line' id='line_1_41' title="bbox 1429 5120 1631 5219; baseline 0.015 -28"><span class='ocrx_word' id='word_1_313' title='bbox 1429 5120 1631 5219; x_wconf 88' lang='lat' dir='ltr'>pleta.</span> 
     </span>
    </p>
   </div>
   <div class='ocr_carea' id='block_1_21' title="bbox 1336 5199 4481 5367">
    <p class='ocr_par' dir='ltr' id='par_1_21' title="bbox 1336 5199 4481 5367">
     <span class='ocr_line' id='line_1_42' title="bbox 1336 5199 4481 5367; baseline -0 -32"><span class='ocrx_word' id='word_1_314' title='bbox 1336 5260 1369 5295; x_wconf 72' lang='lat'><em>⁶</em></span> <span class='ocrx_word' id='word_1_315' title='bbox 1420 5261 1513 5335; x_wconf 87' lang='lat' dir='ltr'>X.</span> <span class='ocrx_word' id='word_1_316' title='bbox 1566 5285 1939 5337; x_wconf 70' lang='lat' dir='ltr'>PULCHER</span> <span class='ocrx_word' id='word_1_317' title='bbox 1985 5261 2385 5367; x_wconf 82' lang='lat' dir='ltr'>(Canthar.</span> <span class='ocrx_word' id='word_1_318' title='bbox 2425 5264 2726 5364; x_wconf 79' lang='lat' dir='ltr'>pulcher</span> <span class='ocrx_word' id='word_1_319' title='bbox 2780 5261 2952 5338; x_wconf 81' lang='lat' dir='ltr'>Lev.</span> <span class='ocrx_word' id='word_1_320' title='bbox 3013 5265 3053 5337; x_wconf 94' lang='lat' dir='ltr'>l.</span> <span class='ocrx_word' id='word_1_321' title='bbox 3104 5292 3161 5338; x_wconf 88' lang='lat' dir='ltr'>c.</span> <span class='ocrx_word' id='word_1_322' title='bbox 3221 5270 3402 5339; x_wconf 82' lang='grc'><strong>4844.</strong></span> <span class='ocrx_word' id='word_1_323' title='bbox 3468 5261 3551 5337; x_wconf 91' lang='lat' dir='ltr'>II.</span> <span class='ocrx_word' id='word_1_324' title='bbox 3602 5293 3669 5363; x_wconf 89' lang='lat' dir='ltr'>p.</span> <span class='ocrx_word' id='word_1_325' title='bbox 3725 5267 3879 5362; x_wconf 72' lang='lat'><strong>⁴79)</strong></span> <span class='ocrx_word' id='word_1_326' title='bbox 3945 5199 4166 5362; x_wconf 63' lang='lat' dir='ltr'>priori0</span> <span class='ocrx_word' id='word_1_327' title='bbox 4225 5261 4481 5347; x_wconf 81' lang='lat' dir='ltr'>affinis,</span> 
     </span>
    </p>
   </div>
   <div class='ocr_carea' id='block_1_22' title="bbox 4875 4912 4884 5523">
    <p class='ocr_par' dir='ltr' id='par_1_22' title="bbox 4875 4912 4884 5523">
     <span class='ocr_line' id='line_1_43' title="bbox 4875 4912 4884 5523; baseline 0 0"><span class='ocrx_word' id='word_1_328' title='bbox 4875 4912 4884 5523; x_wconf 95' lang='lat' dir='ltr'> </span> 
     </span>
    </p>
   </div>
   <div class='ocr_carea' id='block_1_23' title="bbox 4874 5702 4885 6459">
    <p class='ocr_par' dir='ltr' id='par_1_23' title="bbox 4874 5702 4885 6459">
     <span class='ocr_line' id='line_1_44' title="bbox 4874 5702 4885 6459; baseline 0 0"><span class='ocrx_word' id='word_1_329' title='bbox 4874 5702 4885 6459; x_wconf 95' lang='lat' dir='ltr'> </span> 
     </span>
    </p>
   </div>
  </div>
 </body>
</html>
