4984 6517
3407 531 3573 615 289

610 727 929 804 Pertinet
976 728 1072 803 ad
1124 728 1615 805 recentiorem
1668 731 2015 809 Granitae
2058 731 2592 810 formationem.

617 878 686 950 5.
744 880 1078 955 Granites
1128 882 1521 956 lithionicus
1571 880 2011 983 (Graissen).
2116 884 2237 959 Ex
2316 882 2568 958 Albite
2616 883 2788 959 albo
2852 886 2968 961 vel
3034 887 3297 973 rubro,
3379 892 3677 981 Quarzn

400 991 708 1094 limpido
766 1010 837 1070 et
894 994 1082 1072 Mica
1131 996 1519 1073 lithionica.
1626 999 1957 1073 Textura
1998 1000 2433 1102 crystallina.

732 1155 793 1204 a.
855 1133 1212 1207 Granites.

715 1264 784 1338 b.
852 1268 1238 1342 Gneissum.

614 1399 955 1473 Occurrit
999 1400 1075 1474 in
1126 1398 1498 1475 Cornubia
1550 1399 2037 1503 (Cornwallis)
2115 1411 2188 1478 et
2239 1402 2610 1479 montibus
2665 1404 3038 1479 Saxoniae
3090 1406 3479 1482 metallicis.

609 1531 930 1607 Pertinet
975 1533 1068 1608 ad
1123 1536 1694 1611 recentissimam
1749 1536 2095 1612 Grauitae
2158 1537 2664 1613 formationem
2728 1536 3103 1639 vulgoque
3159 1541 3481 1615 continet
3553 1543 3677 1615 πηξ-

405 1673 663 1722 neram
716 1649 986 1725 Stanni.

715 1785 901 1857 Gen.
953 1785 1022 1859 2.
1086 1788 1452 1860 Gneissum
1495 1785 2026 1888 pilbolithicum.

607 1920 669 1991 1.
733 1920 1097 1993 Gneissum
1133 1918 1664 2021 pilbolitkicum.
1775 1919 2164 1996 Orthoclas
2230 1917 2303 1995 in
2358 1918 2717 2020 crystallis
2769 1925 2970 2021 (raro
3016 1921 3422 2025 Oligoclas)
3509 1946 3670 2022 gra-

402 2058 498 2108 na
555 2034 828 2126 Quarzi
864 2043 938 2109 et
965 2035 1412 2111 Pilbolithus.
1515 2037 1757 2113 Adest
1780 2034 2145 2113 interdum
2173 2036 2362 2113 Mica
2386 2038 2826 2139 magnesica.
2934 2042 3265 2115 Textura
3294 2037 3669 2113 schistosa.

705 2194 768 2243 a.
829 2171 1184 2245 Granius.
1291 2173 1617 2246 Textura
1670 2173 2463 2273 granoso-crystallina.

613 2286 995 2361 Constituit
1039 2287 1449 2363 membrum
1510 2289 2084 2390 antiquissimum
2141 2289 2595 2367 formationis
2645 2288 3152 2389 pilbolithicae.

713 2439 899 2512 Gen.
953 2447 1013 2512 3.
1081 2440 1414 2514 Granius
1465 2441 1918 2540 trachyticus.

616 2577 676 2643 1.
743 2574 1077 2648 Granites
1128 2574 1580 2673 trachyticus.
1686 2573 1975 2648 Albites
2045 2568 2354 2660 vitreus,
2433 2572 2551 2646 cui
2635 2574 2900 2651 adesse
2965 2581 3209 2675 potest
3299 2572 3669 2675 Oligoclas

394 2686 710 2762 vitreum
765 2699 839 2765 et
886 2690 1192 2790 sparsim
1246 2690 1438 2765 Mica
1486 2690 1995 2793 hexagonaliS,
2042 2690 2356 2791 Angites
2403 2697 2478 2764 et
2525 2690 2839 2767 Ferrum
2891 2691 3279 2767 titanicum.

707 2848 770 2897 a.
829 2828 1162 2900 Domites.
1264 2828 1383 2901 Ex
1435 2824 1683 2900 Albite
1731 2824 1981 2900 vitreo.

708 2957 778 3033 b.
840 2962 1225 3036 Ande-vites.
1333 2961 1452 3035 Ex
1509 2959 1928 3062 Oligoclase
1974 2958 2244 3048 vitreo,
2299 2984 2468 3034 raro
2519 2985 2688 3035 cum
2737 2961 2988 3036 Albite
3038 2959 3293 3034 vitreo.

607 3095 782 3167 Late
861 3118 1234 3193 expansus
1308 3092 1385 3168 in
1436 3093 1802 3168 montibus
1846 3093 2205 3181 Andium,
2274 3094 2515 3168 minus
2566 3093 2638 3167 in
2688 3096 2991 3195 Europa
3044 3090 3528 3175 meridionali,
3597 3099 3673 3159 ut

395 3209 472 3281 in
530 3210 1148 3313 Siebengebirge,
1202 3208 1557 3285 Bohemia
1610 3219 1684 3285 et
1724 3204 2052 3311 Neapoli.
2158 3211 2393 3286 Deest
2442 3210 2745 3286 omuino
2803 3212 2876 3286 in
2933 3210 3217 3286 Suecia.

612 3346 930 3421 Pertinet
978 3343 1074 3420 ad
1123 3345 1558 3419 neozoicam
1610 3343 2119 3420 formationem
2167 3342 2663 3444 trachyticam.

607 3481 677 3554 2.
741 3481 1127 3579 Trachytes
1196 3481 1763 3576 conglomeratus.
1868 3473 2155 3553 Massae
2225 3477 2716 3578 Trachyticae
2785 3476 3040 3562 rudeS,
3117 3474 3498 3576 angulatae
3553 3475 3669 3543 vul

396 3598 739 3673 frictione
790 3596 1280 3683 rotundatae„
1321 3596 1590 3697 quibus
1643 3596 1910 3671 adesse
1972 3605 2279 3695 possunt
2327 3596 2646 3671 Pumicis
2697 3607 2769 3669 et
2822 3593 3021 3667 varia
3082 3591 3488 3693 fragmenta
3541 3615 3665 3687 ag-

397 3716 746 3818 glutinata
795 3715 1112 3791 materiis
1173 3713 1707 3789 recentioribus
1753 3713 2191 3814 trachyticiS.

712 3855 894 3927 Gen.
949 3854 1016 3925 4.
1077 3852 1413 3949 Syenites.

613 3989 783 4063 Hoc
834 3985 1133 4062 nomine
1187 3992 1400 4059 antea
1446 3983 1691 4058 variae
1742 3982 2029 4083 species
2080 3982 2372 4058 suerunt
2424 3981 3043 4083 comprehensae,
3123 4001 3313 4079 quae
3366 3975 3669 4074 Amphi·

398 4107 659 4182 bolum
715 4105 1104 4180 continent.
1210 4105 1455 4195 Quum
1507 4100 1704 4189 illae,
1759 4125 1948 4201 quae
2000 4099 2382 4175 Labrador
2431 4101 2823 4186 continent,
2866 4099 2961 4173 ad
2996 4121 3181 4171 saxa
3219 4094 3671 4170 labi-adoriae

397 4226 883 4327 (Hyper-scheri
946 4225 1232 4323 Trapp)
1286 4227 1499 4294 erunt
1544 4217 1844 4306 relatae,
1884 4227 2156 4293 restant
2209 4216 2717 4292 solummodo:

616 4366 674 4435 1.
737 4361 1071 4435 Granius
1117 4366 1510 4456 syeniticus.
1621 4349 2009 4429 Orthoclas
2073 4350 2527 4426 lamellosum
2590 4351 2666 4425 in
2741 4345 3098 4450 crystallis
3143 4345 3449 4418 mixtum
3501 4367 3666 4415 cum

398 4477 858 4580 Oligoclase,
911 4474 1158 4579 granis
1209 4471 1480 4565 Quarzi
1544 4481 1618 4545 et
1656 4464 2015 4569 crystallis
2061 4467 2489 4569 Amphiboli
2544 4467 2808 4569 quibus
2859 4465 3123 4541 adesse
3180 4467 3423 4561 potest
3477 4456 3665 4531 Mina

401 4596 850 4698 magnesica.

709 4756 771 4805 a.
818 4740 1117 4826 griseus.
1216 4722 1656 4822 Feldspatho
1705 4719 2180 4824 griseo-albo.

717 4863 790 4939 b.
848 4860 1074 4936 ruber.
1181 4855 1628 4959 Feldspatho
1684 4855 1936 4933 rubro.

712 5022 777 5073 c.
833 4999 1148 5097 Syenites
1195 4994 1590 5067 schistam.
1695 4990 2026 5064 Textura
2074 5009 2423 5089 granosa,
2472 4980 2852 5060 schistosa.

709 5132 778 5207 d.
834 5133 1150 5231 Syenites
1204 5137 1610 5202 zirconicus.
1716 5118 2163 5223 Feldspatho
2200 5129 2275 5196 et
2318 5117 2583 5206 rubro,
2632 5126 2706 5193 et
2729 5115 3012 5219 griseo,
3068 5113 3271 5216 quod
3309 5109 3673 5187 interdum

393 5252 638 5328 lusum
692 5247 1028 5325 colorum
1109 5243 1416 5347 praebet
1486 5237 2065 5327 labradoricum3
2141 5262 2309 5312 cum
2390 5233 2752 5335 crystallis
2815 5231 3106 5308 Zirconi
3188 5229 3307 5306 vel
3373 5224 3673 5327 Spheni.
