4984 6517
1357 563 1536 651 294

1543 717 1732 851 Gen.
1790 778 1909 851 1⁰.
1960 778 2274 852 Euo-iter.

1452 948 1515 1017 1.
1563 945 1858 1020 Eur-itas
1899 944 2458 1047 porphyriticam
2570 940 2812 1017 Massa
2863 931 3420 1016 fundamentalis
3463 966 3506 1017 e
3548 939 4105 1034 Quadrifelzite‚
4158 939 4514 1040 crystalli-

1258 1085 1380 1146 na,
1435 1060 1687 1135 solida.
1773 1063 2124 1138 Fractura
2175 1059 2428 1136 nitoris
2483 1083 2790 1159 experS,
2840 1058 3315 1160 inaequaliter
3367 1058 3736 1133 festucosa
3786 1059 3859 1133 in
3914 1082 4353 1159 quacunque
4408 1057 4514 1130 di-

1240 1178 1592 1253 rectione.
1697 1175 2322 1264 Brunneo-ruber,
2377 1175 2626 1251 viridis
2676 1175 2796 1252 vel
2845 1174 3698 1263 lavendulo-coeruleus;
3745 1187 3868 1251 aut
3913 1175 4359 1263 atrosuscuS,
4414 1174 4512 1249 al-

1244 1295 1382 1370 bus
1429 1295 1547 1369 vel
1600 1298 1921 1394 griseus,
1989 1295 2414 1397 plerumque
2465 1294 2822 1369 unicolor.
2927 1295 3009 1369 In
3059 1318 3300 1368 massa
3335 1293 3855 1368 fundamentali
3893 1292 4159 1368 adsunt
4190 1291 4514 1393 crystalli

1240 1437 1539 1513 sparsae
1591 1412 2030 1514 Oligoclasis
2081 1411 2200 1487 vel
2244 1411 2637 1498 Andesini,
2694 1410 3074 1486 brunneae
3127 1411 3243 1485 vel
3271 1409 3502 1486 albae.
3606 1412 3859 1487 Durus
3907 1411 4036 1496 ita,
4093 1417 4170 1484 ut
4187 1433 4330 1484 nec
4357 1407 4509 1483 cul-

1240 1540 1356 1605 tro
1412 1528 1779 1629 scalpatur
1822 1553 1963 1603 nec
2015 1553 2058 1603 a
2111 1527 2428 1629 chalybe
2480 1528 2824 1604 scintillas
2878 1527 3223 1614 excutiat,
3283 1530 3575 1629 quando
3629 1545 3742 1604 est
3793 1553 4039 1628 purus.

1216 1760 1225 1764 p
1445 1662 1830 1737 Constituit
1878 1671 2168 1737 montes
2221 1670 2295 1738 et
2345 1663 2735 1765 congeries
2783 1661 2854 1738 in
2900 1660 3337 1737 formatione
3376 1659 3697 1738 euritica.
3804 1663 3998 1739 Intra
4037 1659 4377 1736 Sueciam
4431 1659 4504 1731 in

1174 1771 1190 1778 ”
1232 1778 1556 1867 Elfdaln,
1609 1780 1912 1883 aliisque
1964 1780 2168 1856 locis.

1438 1957 1506 2021 2.
1558 1949 1853 2022 Eaeerites
1904 1976 2303 2021 arenae-eus.
2412 1944 2656 2021 Massa
2707 1943 3260 2023 fundamentalis
3317 1945 3638 2024 Euritica
3692 1945 3812 2023 vel
3863 1972 4079 2047 pura,
4152 1945 4272 2021 vel
4334 1970 4499 2019 cum

1239 2065 1538 2155 Quarzo
1618 2065 2035 2140 commixta.
2150 2065 2482 2139 Textura
2562 2063 2723 2164 plus
2776 2064 3107 2140 minusve
3166 2091 3484 2166 granosa
3545 2065 3664 2142 vel
3728 2064 4094 2141 cellulosa,
4199 2064 4506 2138 Includit

1239 2178 1641 2282 fragmenta
1692 2183 1994 2257 euritica
2044 2191 2117 2258 et
2168 2181 2533 2258 interdum
2585 2179 2820 2256 aliena
2875 2207 3058 2256 saxa
3110 2183 3677 2286 conglomerata.

1545 2372 1609 2423 a.
1663 2353 1956 2426 Eurites
2001 2354 2572 2449 conglomeratus.
2642 2348 3207 2448 (Fji‘illsandsten
3259 2351 3581 2451 Hisiug.)
3659 2350 4098 2452 Fragmenta
4137 2346 4252 2423 vel
4281 2346 4497 2423 fricti-

1241 2492 1386 2542 one
1434 2467 1817 2543 rotundata
1871 2468 1988 2543 vel
2038 2467 2389 2570 angulata,
2444 2466 2844 2541 commixta
2888 2466 3309 2568 fragmentis
3355 2468 3629 2560 Quarzi
3685 2459 4147 2568 fiilbotithici,
4203 2465 4498 2541 Euritae

1237 2584 1751 2686 porphyritici,
1810 2585 1989 2660 Saxi
2042 2586 2297 2661 cornei
2348 2595 2421 2661 et
2471 2582 2783 2658 aliorum
2831 2608 3219 2671 saxorum,
3284 2610 3476 2686 quae
3534 2611 3578 2660 a
3621 2586 3875 2661 vicinis
3928 2583 4301 2659 montibus
4329 2608 4497 2683 pro-

1231 2712 1608 2778 venerunt.
1715 2702 2177 2805 Aggiutinata
2228 2712 2396 2778 sunt
2440 2701 2694 2776 Eurite
2753 2697 2870 2775 vel
2923 2725 3112 2800 puro
3159 2701 3277 2776 vel
3335 2727 3504 2777 cum
3558 2706 3857 2796 Quarzo
3911 2702 4343 2777 commixto.

1532 2849 1603 2927 b.
1653 2854 1948 2929 Eut-iles
1999 2884 2378 2929 arenacms
2428 2865 2753 2926 minutim
2798 2880 3172 2947 granosus.
3285 2850 3528 2927 Massa
3590 2852 4147 2928 fundamentalis
4195 2851 4491 2927 cellulo-

1230 2993 1343 3054 sa,
1398 2994 1442 3042 e
1492 2969 1732 3068 parvis
1780 2970 2024 3071 granis
2077 2978 2452 3056 constanS,
2522 2993 2714 3069 quae
2777 2966 2895 3041 hic
2949 2976 3023 3041 et
3072 2967 3215 3041 illic
3273 2969 3597 3044 continet
3647 2969 4043 3070 syeniticas
4097 2969 4492 3071 (Oligocla·

1232 3085 1333 3160 sis
1399 3094 1485 3160 et¹
1518 3085 1910 3187 Andesini)
2002 3098 2247 3189 partes
2299 3086 2563 3171 fulvaS‚
2637 3109 2827 3185 quae
2889 3109 3057 3159 cum
3105 3084 3311 3160 fusca
3361 3111 3599 3161 massa
3652 3085 4163 3162 fundamentali
4233 3112 4482 3186 parum

1227 3203 1688 3278 conveniunt.
1793 3204 2154 3307 Scalpitur
2208 3203 2475 3291 cultro,
2547 3203 2809 3275 fissura
2894 3212 3006 3276 est
3085 3203 3356 3304 grisea,
3425 3203 3749 3305 itemque
3803 3203 4061 3304 pulviS.
4172 3204 4482 3294 Quando

1227 3320 1504 3410 Quarzi
1572 3331 1683 3396 est
1732 3346 2041 3422 expers,
2084 3348 2129 3396 a
2180 3318 2498 3422 chalybe
2545 3318 2886 3398 scintillas
2945 3345 3098 3396 non
3143 3321 3437 3396 excutit.

1525 3493 1587 3544 c.
1643 3475 1938 3548 Eur-iter
2001 3501 2382 3547 armac-eus
2432 3499 2806 3567 granatus.
2911 3470 3409 3574 (Grofkornig
3475 3471 3944 3571 Grfiwackc).
4049 3471 4482 3574 Fragmenta

1213 3584 1548 3687 angulata
1617 3588 1735 3664 vel
1808 3587 2141 3665 frictione
2218 3587 2608 3664 rotunda'ta
2681 3587 2859 3663 varii
2935 3588 3270 3691 generis,
3346 3589 3775 3688 praesertim
3853 3613 4206 3663 saxorum
4285 3590 4473 3664 euri-

1218 3703 1528 3782 ticorum
1597 3715 1673 3780 et
1752 3705 2329 3781 sedimentorum
2402 3705 2928 3804 depositorum,
3012 3705 3452 3807 agglutinata
3505 3732 3649 3807 ope
3714 3705 3989 3798 Quarzi
4041 3715 4115 3780 et
4159 3707 4470 3781 Euritae.

1222 3820 1553 3907 Caesius,
1632 3822 1918 3923 impure
1996 3821 2244 3896 fuscus
2319 3821 2436 3896 vel
2511 3820 2756 3896 ruber.
2853 3822 3200 3897 Praetura
3277 3819 3678 3912 festucosa,
3760 3823 4195 3924 plerumque
4276 3823 4483 3898 valde

1221 3936 1469 4012 densa.
1570 3938 1861 4014 Desunt
1919 3940 2383 4013 Petraesacta.

1522 4070 1590 4145 d.
1662 4074 1919 4146 Wacka
1975 4084 2219 4169 grisea
2288 4103 2625 4171 granos-cz.
2752 4071 3186 4176 (Finkornig
3274 4075 3738 4175 Grawacke).
3867 4072 4109 4149 Massa
4186 4074 4482 4149 euritica

1216 4187 1590 4274 cellulosa,
1666 4192 1877 4285 cujus
1955 4196 2245 4265 textura
2312 4195 2476 4292 plus
2559 4191 2893 4265 minusve
2966 4215 3282 4291 granosa
3363 4192 3683 4267 continet
3753 4202 3997 4291 partes
4086 4216 4481 4266 arenaceas

1214 4304 1621 4380 eorundem
1674 4331 2028 4381 saxorum
2086 4333 2173 4383 ac
2225 4308 2754 4408 praecedentis,
2858 4307 3056 4383 Raro
3124 4308 3390 4384 desunt
3437 4335 3662 4412 grana
3717 4309 4063 4396 rotunda,
4114 4307 4474 4408 pellucida

1220 4422 1511 4515 Quarzi.

1514 4582 1581 4632 c.
1639 4560 1916 4633 Saxum
1967 4588 2381 4634 arenacmm
2428 4573 2986 4664 antiquissimum
3042 4559 3353 4635 rubrum.
3455 4558 3737 4635 Wacka
3787 4559 4029 4663 grisea
4077 4586 4246 4636 cum
4301 4586 4468 4661 por·

1212 4673 1524 4749 tiuncula
1578 4673 1845 4766 Calpis,
1899 4674 2134 4751 forma
2182 4676 2416 4777 spathi
2467 4686 2590 4753 aut
2637 4677 3040 4753 sedimenti.

1505 4806 1551 4881 s.
1608 4808 1881 4881 Saxum
1947 4837 2361 4886 armaceum
2426 4842 2657 4886 recens
2722 4813 3032 4888 rubrum.
3142 4810 3482 4888 Occurrit
3564 4812 3639 4887 in
3715 4809 4190 4898 formatione,
4278 4836 4462 4912 quae

1230 4926 1488 5000 Boebes
1538 4926 1840 5020 liegende
1896 4922 2175 5002 dicitur.

1404 5057 1734 5133 Pertinet
1761 5059 1856 5134 ad
1882 5059 2394 5135 formationem
2422 5061 2794 5137 euriticam
2822 5060 3328 5137 recentiorem.
3435 5062 3627 5138 Intra
3654 5061 3994 5136 Sueciam
4020 5059 4162 5136 late
4187 5085 4474 5162 expan-

1199 5201 1326 5252 sus
1375 5176 1451 5250 in
1504 5174 1791 5250 Elfdaln
1846 5184 1919 5251 et
1960 5177 2380 5275 Herjedaln.
2484 5180 2576 5254 Ut
2639 5182 2898 5254 Wacka
2946 5191 3187 5276 grisea
3238 5179 3551 5280 pertinet
3601 5179 3694 5254 ad
3756 5202 4014 5254 omnes
4098 5176 4470 5252 fomiatio·

1198 5320 1331 5370 nes
1390 5292 1923 5370 Palaeozoicas.
