4984 6517
3365 519 3530 608 381

424 745 615 815 certo
676 744 749 812 et
802 736 1185 837 explorato
1242 734 1655 811 niterentur.
1767 738 1963 829 Quo·
1986 732 2228 808 studio
2280 731 2491 806 etiam
2546 730 2884 806 effectum
2933 739 3071 820 est,
3105 740 3182 808 ut
3198 734 3352 830 Jam
3384 732 3650 834 scripta

422 854 657 932 Latina
726 852 1124 930 habeamus
1200 854 1293 929 ab
1376 854 1463 929 iis
1541 853 1998 953 interpretata
2013 911 2032 939 ,
2117 850 2242 958 qui
2296 849 2433 950 ipsi
2476 849 2554 934 in
2604 849 2849 925 verbis
2898 857 3226 925 veterum
3281 849 3374 925 ad
3423 850 3648 940 fidem

423 975 765 1051 librorum
836 999 1052 1048 manu
1120 973 1556 1074 scriptorum
1631 969 2090 1048 restituendis
2152 969 2377 1075 inque
2410 967 2641 1066 ‚novis
2697 969 3244 1076 emendatisque
3294 968 3646 1052 librorum

420 1091 955 1191 exemplaribus
1004 1090 1310 1167 edendis
1356 1090 1812 1167 elaborarint.
1888 1083 2412 1188 Interpretandi
2455 1094 2693 1162 autem
2736 1087 2947 1163 labor
2994 1087 3112 1163 ille
3144 1096 3413 1163 tantum
3441 1086 3651 1164 abest

424 1221 493 1288 ut
538 1209 914 1285 absolutus
952 1212 1104 1307 J‘am
1160 1210 1278 1297 sit,
1332 1219 1409 1285 ut
1459 1217 1709 1283 contra
1766 1207 2141 1283 diuturnus
2188 1230 2282 1280 ne
2328 1203 2565 1278 dicam
2604 1204 2917 1280 infinitus
2973 1205 3135 1281 fore
3178 1206 3525 1295 videatur,
3574 1206 3652 1282 id

421 1328 618 1436 quod
693 1353 786 1402 eo
861 1328 1090 1430 magis
1148 1354 1440 1403 sumere
1490 1326 1690 1414 licet,
1743 1325 1946 1432 quod
1996 1325 2114 1400 vel
2165 1324 2239 1399 in
2285 1323 2538 1430 quavis
2588 1322 2744 1398 fere
2791 1322 3141 1412 librorum
3190 1326 3653 1432 antiquorum

422 1446 677 1550 pagina
728 1446 1117 1521 etiamnum
1172 1445 1473 1522 haerent
1514 1445 1948 1546 interpretes
2002 1444 2120 1519 vel
2172 1440 2376 1549 quod
2426 1440 2513 1516 iis
2563 1466 2713 1516 non
2759 1467 3052 1543 semper
3101 1444 3446 1542 contingit
3487 1469 3656 1519 sen-

427 1565 709 1641 tentiam
756 1591 995 1652 suam,
1053 1591 1277 1666 saepe
1328 1568 1748 1662 conjectura
1796 1562 2026 1665 magis
2082 1587 2231 1636 non
2279 1560 2449 1635 satis
2501 1559 2861 1661 probabili
2914 1586 3128 1668 quam
3158 1571 3352 1636 certa
3376 1564 3656 1646 ratione

421 1684 692 1770 fultam,
742 1682 1029 1760 idoneis
1076 1683 1516 1786 argumentis
1567 1681 1985 1757 defendere.
2088 1679 2256 1754 Huc
2310 1686 2551 1753 autem
2604 1679 2667 1753 si
2713 1679 3104 1755 accesserit
3126 1704 3215 1754 ea
3237 1704 3385 1754 non
3413 1680 3661 1786 iniqua

424 1802 746 1909 quidem,
797 1811 869 1877 at
916 1802 1377 1878 severissima
1428 1800 1777 1876 acuminis
1827 1811 1900 1875 et
1955 1797 2363 1901 diligentiae
2411 1796 2825 1896 postulatio,
2876 1807 2955 1875 ut
3001 1798 3126 1905 qui
3162 1806 3420 1886 vertat,
3455 1808 3660 1874 tenu·

420 1921 658 1996 issima
736 1946 1073 2027 quaeque
1124 1920 1199 1995 in
1246 1918 1491 1995 verbis
1550 1917 2153 2014 significationum
2211 1915 2625 1990 discrimina
2672 1915 3219 2006 animadvertat,
3276 1918 3654 2005 observet,

422 2037 804 2139 exprimat,
858 2038 1270 2145 quantulam
1324 2038 1675 2114 librorum
1727 2036 2187 2143 antiquorum
2241 2043 2517 2136 partem
2570 2031 2808 2109 adhuc
2858 2032 3257 2111 credideris
3287 2053 3466 2113 vere
3492 2061 3660 2113 esse

422 2157 997 2257 interpretatam?

722 2327 1153 2402 Criticorum
1231 2339 1505 2413 autem,
1589 2326 1713 2431 qui
1789 2324 2084 2427 proprie
2148 2325 2500 2411 dicuntur,
2552 2323 2971 2423 hujusmodi
3025 2349 3288 2399 munus
3339 2351 3536 2413 esse,
3588 2326 3660 2401 in

430 2471 573 2554 quo
638 2444 852 2520 labor
895 2444 1015 2519 ille
1065 2469 1494 2551 numquam,
1549 2454 1671 2519 aut
1726 2452 1924 2519 certe
1963 2468 2133 2519 sero
2186 2443 2278 2519 sit
2323 2443 2718 2530 desituruS,
2778 2468 2997 2549 quum
3052 2425 3196 2519 loci
3245 2443 3385 2518 sint
3432 2443 3504 2517 in
3554 2443 3662 2519 lit-

421 2564 589 2641 teris
642 2563 998 2639 universis
1049 2588 1281 2662 paene
1328 2561 1930 2648 innumerabileS,
1974 2561 2168 2663 apud
2221 2561 2543 2662 singulos
2595 2560 2751 2635 fere
2803 2561 3193 2662 scriptores
3246 2570 3442 2637 certe
3498 2586 3665 2662 per·

423 2683 652 2767 multi,
704 2683 777 2757 in
833 2681 1097 2788 quibus
1142 2681 1368 2756 verba
1419 2680 1815 2782 archetypa
1865 2678 2187 2755 nondum
2243 2687 2605 2768 constent,
2659 2679 3027 2785 plerisque
3053 2675 3503 2755 notissimum
3532 2688 3659 2754 est.

410 2800 684 2909 Neque
770 2802 961 2876 enim
1028 2826 1264 2875 novus
1313 2800 1548 2874 solum
1600 2797 1813 2874 labor
1861 2823 2098 2905 usque
2149 2799 2482 2901 emergit,
2533 2791 2675 2875 'sed
2727 2797 3146 2873 exanclatus
3188 2802 3341 2896 jam
3386 2796 3664 2871 dudum

425 2919 1032 3022 redintegrandus
1077 2927 1204 2994 est.
1288 2918 1468 2994 Nam
1504 2918 1680 2993 illa
1660 2943 1732 2993 m
1773 2917 2166 2992 mutatione
2186 2916 2587 3030 verborum
2623 2941 2722 2992 ex
2749 2940 2936 2990 vana
2968 2920 3387 3015 conjectura
3416 2939 3666 2990 emen-

426 3038 647 3114 dandi
714 3037 1111 3123 temeritaS,
1187 3063 1375 3143 quae
1434 3038 1654 3112 multa
1733 3047 1806 3111 et
1876 3036 2073 3109 varia
2120 3023 2543 3135 opinionum
2586 3044 2998 3109 commenta
3043 3034 3265 3109 attulit
3316 3060 3401 3110 ac
3446 3034 3663 3111 stabi-

422 3157 601 3243 livit,
681 3155 876 3230 cedit
938 3160 1091 3254 jam
1156 3155 1258 3231 illi
1307 3156 1731 3256 scripturam
1787 3153 2210 3229 immutandi
2262 3153 2718 3254 prudentiae,
2775 3177 2964 3259 quae
3013 3151 3398 3242 librorum,
3454 3162 3666 3288 quot—

428 3285 611 3382 quot
654 3283 972 3360 exstant,
1027 3275 1464 3375 optimorum
1513 3299 1732 3350 manu
1769 3273 2201 3374 scriptorum
2223 3276 2465 3371 justae
2489 3272 2967 3347 aestimationi
2998 3269 3666 3380 comparationique

427 3393 761 3470 debetur.
870 3395 1080 3484 Quae
1146 3395 1297 3491 Jam
1378 3392 1660 3492 pridem
1716 3400 1883 3467 sunt
1929 3391 2122 3491 typis
2172 3390 2567 3491 exscripta,
2621 3413 2904 3464 summa
2966 3414 3138 3464 cura
3190 3397 3262 3465 et
3308 3387 3673 3492 diligentia

426 3522 1078 3613 recognoscuntur,
1152 3519 1226 3585 et
1290 3510 1447 3610 ipsa
1498 3535 1712 3585 manu
1758 3509 2021 3610 scripta
2075 3507 2318 3583 denuo
2369 3509 2873 3584 examinantur
2918 3506 3471 3583 accuratissime.
3579 3508 3708 3587 Et·

426 3656 694 3734 magna
766 3628 885 3704 illa
955 3627 1302 3703 industria
1367 3628 1793 3703 Criticorum
1849 3627 2230 3726 adjuvatur
2279 3627 2519 3702 studio
2574 3636 2646 3702 et
2695 3625 3011 3702 sollertia
3075 3650 3364 3713 eorum,
3405 3626 3546 3734 'qui
3595 3625 3672 3701 in

431 3749 696 3825 ceteris
749 3737 1166 3847 disciplinae
1215 3745 1974 3846 partibus'versantur,
2028 3770 2435 3852 omnesque
2467 3749 2657 3844 jam,
2701 3746 2774 3821 in
2828 3769 3362 3851 quamcumque
3385 3752 3673 3844 partem
3793 3757 3798 3764 ’

430 3894 649 3944 suum
701 3865 1010 3972 quisque
1055 3864 1372 3940 studium
1419 3863 1730 3951 confert,
1778 3863 2011 3963 probe
2062 3862 2488 3966 intelligunt,
2546 3889 2761 3971 quam
2807 3863 3179 3938 fructuosa
3228 3864 3320 3938 sit
3365 3876 3435 3936 et
3496 3881 3675 3937 vero

427 3983 848 4061 necessaria
910 3982 1222 4058 societas
1287 3985 1856 4089 communioque
1914 3981 2205 4056 laboris
2310 3981 2603 4057 Deinde
2655 3982 2967 4057 studium
3018 3980 3191 4056 illud
3244 3980 3675 4056 acerrimum

434 4100 1131 4188 Grammaticorum,
1210 4101 1334 4208 qui
1402 4105 1555 4200 jam
1620 4102 1691 4176 in
1756 4100 1979 4175 rebus
2043 4100 2162 4175 vel
2219 4100 2540 4176 maxime
2595 4099 2990 4180 reconditis
3042 4110 3117 4175 et
3167 4097 3515 4207 abstrusis
3573 4097 3678 4173 di·

430 4221 784 4322 sciplinae
836 4244 1011 4297 suae
1074 4219 1170 4294 ita
1210 4219 1565 4295 subtiliter
1608 4228 2005 4305 versantur,
2059 4228 2137 4293 ut
2178 4244 2404 4319 opera
2450 4244 2707 4293 eorum
2762 4217 3098 4324 latissime
3150 4225 3387 4318 pateat
3413 4230 3485 4290 et
3506 4242 3679 4317 pro-

430 4339 520 4414 sit
567 4339 646 4413 in
688 4362 944 4411 omnes
990 4347 1263 4438 parteS,
1320 4338 1620 4413 multum
1660 4364 1838 4413 sane
1889 4339 2020 4414 arti
2073 4338 2363 4412 criticae
2417 4336 2652 4412 adfert
2686 4336 3109 4437 adjumenti,
3139 4334 3237 4409 ita
3260 4343 3338 4409 ut
3364 4334 3676 4409 vicissim

435 4454 863 4558 opitulando
916 4453 1238 4531 debitum
1302 4456 1561 4531 solvat:
1623 4456 1857 4532 sciunt
1902 4457 2095 4532 enim
2143 4455 2467 4558 perbene
2522 4454 3038 4541 Grammaticis
3069 4477 3152 4527 se
3204 4452 3278 4528 in
3336 4460 3528 4527 arte
3521 4477 3680 4528 sua

433 4576 530 4651 ita
584 4574 882 4650 demum
942 4599 1164 4675 posse
1218 4573 1488 4682 aliquid
1538 4576 1930 4674 proficere,
1988 4574 2050 4649 si
2103 4574 2401 4677 singulis
2451 4584 2776 4650 veterum
2823 4574 3257 4674 scriptorum
3307 4549 3680 4648 vocabulis

437 4693 869 4768 examinatis
920 4693 1249 4767 oratione
1303 4702 1501 4767 certa
1545 4702 1617 4767 et
1668 4693 2045 4793 explorata
2096 4693 2422 4767 nitantur.
2524 4692 2808 4797 Atque,
2864 4704 2941 4766 ut
2991 4689 3195 4766 brevi
3233 4689 3679 4789 praecidam,

435 4810 586 4886 hoc
634 4836 808 4885 vere
864 4809 1035 4885 mihi
1085 4810 1346 4886 videor
1393 4811 1873 4898 contendere,
1931 4810 2202 4886 nullum
2256 4836 2420 4885 esse
2471 4835 2733 4886 munus
2784 4809 3257 4912 philologiae,
3304 4806 3502 4913 quod
3533 4833 3685 4882 ma-

437 4928 551 5030 gis
627 4937 749 5002 aut
824 4954 1130 5003 acumen
1184 4930 1454 5032 ingenii
1521 4938 1642 5005 aut
1707 4930 2106 5005 doctrinam
2159 4929 2594 5035 exquisitam
2641 4929 2962 5035 requirat
3009 4952 3228 5035 quam
3281 4925 3455 5001 illud
3499 4925 3686 5002 criti'-

440 5073 646 5135 cum,
733 5055 807 5122 et
885 5056 1113 5123 artem
1195 5047 1421 5137 illam,
1499 5049 1572 5123 in
1643 5073 1788 5156 qua
1834 5048 2009 5123 illud
2058 5057 2402 5135 versatur,
2459 5071 2682 5154 quum
2734 5071 3198 5155 nequaquam
3251 5069 3344 5118 eo
3391 5043 3684 5122 nomine

442 5167 559 5241 sui
597 5167 783 5265 juris
836 5164 956 5252 sit,
1013 5174 1088 5240 ut
1138 5191 1239 5241 ex
1291 5167 1551 5242 ceteris
1606 5168 1984 5243 universae
2038 5166 2454 5267 disciplinae
2506 5164 2827 5266 partibus
2877 5164 3048 5244 nihil
3075 5162 3415 5264 pendeat,
3443 5172 3690 5242 tamen

3288 5280 3385 5352 50

4914 3240 4931 3615 Ξ
