4984 6517
399 810 462 885 8.

3377 577 3556 665 103

599 807 690 884 H.
741 826 1036 883 namus.
1140 803 1383 905 Epicr.
1438 826 1508 903 p.
1563 801 1735 876 498.

702 951 887 1024 Cum
936 948 1457 1051 praecedente,
1503 947 1717 1024 etiam
1766 944 2085 1049 vulgaris
2138 954 2212 1022 et
2255 954 2533 1048 protea.
2640 945 2988 1022 Formam
3041 943 3363 1047 typicam
3417 968 3461 1019 e
3500 943 3647 1018 Co-

601 1076 712 1144 sta
759 1067 970 1155 Rica,
1030 1066 1179 1143 San
1229 1068 1448 1155 Joce,
1502 1065 1899 1168 reportavit
1955 1054 2224 1142 orma.

602 1211 695 1288 H.
753 1232 1167 1286 Tmcozon.
1276 1207 1518 1309 Epicr.
1573 1232 1643 1308 p.
1698 1206 1868 1280 498.

701 1346 827 1422 Ad
877 1356 1180 1423 truncos
1230 1346 1306 1423 in
1360 1346 1665 1423 Guinea.
1726 1348 1955 1446 Afzel
2012 1358 2099 1422 ic.
2151 1356 2211 1421 8.

699 1497 899 1574 Haec
953 1511 1061 1575 est
1112 1501 1381 1600 species
1434 1501 1521 1574 ab
1576 1501 1888 1575 omnibus
1951 1497 2521 1599 praecedentibus
2592 1495 2771 1569 clare
2849 1493 3150 1580 diversa,
3235 1489 3649 1587 alveolisque

598 1621 899 1708 minutis,
951 1619 1472 1716 fusco-cinereis
1522 1621 1751 1719 potius
1805 1645 2003 1718 quam
2052 1618 2426 1720 pruinosis,
2478 1613 2567 1688 ad
2618 1615 2885 1713 Polyst.
2931 1628 3185 1687 tostum
3228 1606 3439 1683 Berk.
3484 1633 3649 1706 qua-

599 1741 657 1813 si
709 1765 1114 1837 revergenS,
1168 1737 1295 1812 sed
1344 1738 1566 1836 pileus
1622 1739 2087 1843 tenuissimus,
2137 1735 2428 1836 rigidus,
2480 1733 2893 1833 subfragilis,
2963 1729 3210 1806 nitidus
3261 1739 3331 1803 et
3381 1725 3651 1825 glaber-

593 1858 831 1943 rimus,
880 1856 1082 1928 2-3
1137 1883 1288 1930 unc.
1349 1855 1554 1944 latus,
1605 1881 1900 1955 rugosus
1944 1867 2015 1930 et
2063 1882 2304 1929 versus
2356 1856 2726 1955 marginem
2779 1863 3031 1926 tantum
3089 1849 3300 1924 dense
3353 1870 3649 1919 concen-

604 1977 792 2057 trice,
822 1976 1137 2050 sulcatus.
1235 1973 1517 2049 Postice
1563 1974 1910 2048 umbrinus
1964 1986 2086 2062 est,
2139 1975 2355 2046 antice
2403 1971 2655 2046 fuscus.

1462 2118 1852 2197 FAvows.
1961 2118 2203 2221 Epicr.
2263 2144 2333 2220 p.
2387 2118 2560 2193 498.

609 2254 852 2332 Genus
910 2283 1113 2357 quam
1163 2261 1450 2334 maxime
1503 2260 1833 2349 naturale;
1887 2272 1956 2334 et
2006 2261 2376 2335 substantia
2421 2259 2605 2332 molli
2660 2270 2730 2332 et
2777 2258 2986 2344 lenta,
3059 2254 3371 2340 alveolis,
3424 2252 3649 2352 sporis

605 2387 798 2450 acute
851 2377 1225 2465 limitatum,
1282 2378 1574 2453 exclusis
1623 2406 1873 2479 nempe
1922 2377 2175 2482 Polyp.
2234 2377 2638 2480 quibusdam
2682 2375 3060 2477 platyporis
3121 2372 3456 2447 recentius
3510 2365 3649 2442 huc

601 2495 931 2570 translatis
983 2509 1050 2569 v.
1100 2523 1160 2570 c.
1211 2497 1299 2569 P.
1354 2498 1743 2584 arculam,
1817 2498 2216 2586 alveolario,
2266 2497 2617 2595 favulari
2667 2523 2720 2569 s.
2777 2494 2954 2567 Fav.
3004 2502 3330 2589 agat-icco
3410 2500 3479 2562 et
3524 2514 3648 2560 ar-

600 2614 866 2688 culario
919 2611 1126 2702 Lem,
1186 2615 1703 2717 Gnadelupemi
1753 2612 1959 2705 Lev.,
2012 2617 2441 2690 nummulari
2463 2614 2709 2701 Berk,
2765 2615 3001 2688 ciliari
3026 2610 3250 2686 Mont.
3280 2621 3412 2683 etc.
3498 2602 3651 2679 Sed

599 2734 798 2807 etiam
849 2731 976 2816 his¹
1005 2734 1227 2807 missis
1277 2733 1585 2833 pluribus
1641 2736 1898 2808 eximiis
1948 2737 2314 2836 speciebus
2365 2737 2702 2811 recentius
2754 2746 2860 2809 est
2907 2746 3172 2807 auctum
3249 2729 3649 2828 (praecipue

597 2877 639 2926 e
685 2851 845 2923 mihi
900 2853 1187 2950 cognitis
1264 2853 1559 2926 eminent
1629 2852 1718 2926 F.
1765 2854 2215 2954 pelliculosus
2277 2852 2489 2929 Berk.
2543 2853 2752 2941 ined.,
2827 2852 2915 2925 F.
2972 2850 3354 2925 natalem
3420 2844 3645 2943 Fung.

600 2967 762 3042 Nat.
816 2997 884 3070 p.
942 2971 1099 3067 18);
1149 2972 1531 3071 specierum
1585 2970 1882 3044 limitatio
1935 2999 2145 3073 saepe
2197 2974 2575 3048 difficillima
2623 2984 2761 3060 est,
2814 2998 2952 3045 non
3023 2967 3232 3042 modo
3286 2967 3378 3040 ob
3432 2966 3647 3039 varie-

603 3100 840 3176 tatem,
890 3116 1102 3188 saepe
1154 3089 1471 3188 singulari
1523 3091 1778 3165 ratione
1827 3091 2300 3180 luxuriantem,
2354 3092 2480 3168 sed
2529 3091 2751 3165 adhuc
2802 3090 3016 3188 magis
3067 3090 3364 3187 ipsarum
3433 3096 3650 3157 muta-

599 3209 781 3280 tione
835 3207 965 3280 sub
1018 3209 1490 3281 exsiccatione.
1630 3205 1754 3283 Sic
1821 3210 2079 3284 collatis
2145 3211 2455 3285 iconibus
2524 3211 2794 3310 optimis
2875 3196 3207 3292 O'rstedii,
3279 3204 3366 3276 ad
3421 3206 3649 3277 vivum

604 3326 831 3414 sactis,
880 3352 1035 3399 cum
1081 3328 1378 3425 ipsarum
1439 3325 1824 3430 archetypis
1882 3331 2234 3403 exsiccatis
2286 3330 2487 3430 plane
2548 3327 2851 3403 diversas
2902 3327 3095 3401 facile
3147 3325 3438 3423 fingeres
3488 3347 3650 3421 spe-

603 3448 775 3532 cies3
824 3471 964 3517 non
1017 3443 1224 3517 modo
1274 3445 1466 3517 color
1518 3445 1780 3519 albidus
1826 3448 1891 3520 in
1945 3447 2482 3522 subochraceum
2532 3475 2591 3523 e.
2641 3476 2693 3521 s.
2743 3475 2811 3548 p.
2867 3459 3187 3533 mutatur,
3264 3442 3390 3516 sed
3464 3440 3651 3513 multi

600 3564 1024 3638 characteres
1079 3564 1473 3638 essentiales
1521 3567 1588 3638 in
1638 3566 1798 3664 pilei
1849 3566 2241 3665 superficie,
2292 3570 2592 3666 margine
2645 3566 2864 3638 ciliato
2916 3564 3408 3639 denticulatove
3488 3585 3648 3633 eva-

600 3694 904 3757 nescunt.
1009 3680 1192 3755 Hinc
1244 3681 1611 3755 admodum
1662 3685 1837 3757 cauti
1882 3685 2090 3760 simus
2136 3687 2203 3758 in
2250 3666 2445 3760 noris
2499 3684 2865 3784 speciebus
2925 3682 3012 3756 ad
3063 3682 3429 3783 specimina
3482 3675 3648 3751 Mu-

601 3828 913 3876 saeorum
969 3803 1152 3873 sicca
1202 3800 1645 3875 admittendis.

594 3949 669 4024 F.
719 3949 1226 4024 Eusomums
1332 3945 1573 4047 Epicr.
1629 3971 1698 4047 p.
1749 3947 1919 4021 498.

699 4093 786 4166 In
834 4088 1202 4176 Carolina,
1259 4089 1654 4165 Americae
1706 4088 2044 4165 borealis.
2107 4087 2369 4166 Curti-³.

705 4233 854 4309 Cel.
905 4237 1216 4309 inventor
1292 4235 1464 4310 hanc
1540 4262 1669 4336 pro
1745 4238 2064 4310 varietate
2141 4236 2393 4335 Polyp.
2446 4233 2850 4308 Boucheani
2920 4231 3257 4320 dealbata,
3329 4234 3649 4333 pileoque
3766 4240 3769 4245 ’

611 4356 879 4427 omnino
946 4353 1371 4427 immaculato
1428 4355 1685 4454 (neque
1738 4358 2140 4454 squamoso)
2215 4353 2421 4428 habet
2471 4365 2541 4427 et
2603 4352 2948 4427 manifeste
3017 4352 3182 4425 alius
3263 4365 3369 4426 est
3440 4364 3652 4433 status

607 4468 939 4574 Polypori
991 4474 1204 4560 citati,
1254 4474 1466 4572 qualis
1509 4476 1576 4547 in
1631 4470 1953 4547 America
2003 4472 2263 4548 boreali
2309 4473 2584 4571 legitur,
2659 4473 2818 4546 licet
2863 4471 3062 4570 hujus
3112 4472 3334 4572 pileus
3409 4469 3652 4544 ochra-

607 4617 799 4678 ceus‚
855 4593 1665 4690 squamoso-maculatus,
1717 4589 1842 4665 sed
1894 4618 2086 4665 meus
2144 4593 2232 4664 P.
2286 4590 2959 4691 Boucheanus,‘qui
3001 4587 3089 4662 Β.
3138 4588 3540 4692 platyporus
3587 4601 3651 4684 β.

612 4706 695 4780 Α.
751 4705 830 4782 S.
883 4712 1153 4782 omnino
1208 4709 1472 4783 diversa
1534 4722 1640 4785 est
1707 4711 1997 4809 species.
2099 4708 2216 4783 An
2267 4735 2434 4784 vero
2482 4709 2594 4783 hic
2645 4709 2734 4782 F.
2785 4709 3244 4783 Boucheanus
3316 4707 3650 4783 Klotzsch

607 4853 735 4899 non
809 4827 1049 4927 liquet3
1121 4827 1319 4902 valde
1393 4841 1614 4904 autem
1695 4827 1995 4904 dubitem
2070 4831 2433 4929 genuinum
2506 4827 2845 4902 Favolum
2919 4831 2986 4903 in
3056 4826 3344 4929 Europa
3392 4829 3651 4903 boreali

613 4971 806 5018 nasci.

431 5081 490 5154 -2,
617 5084 691 5159 F.
742 5109 1198 5177 SUNDAICUS,
1252 5085 1449 5189 pileo
1520 5086 1722 5164 molli
1780 5087 2507 5165 cuneato-reniformi
2584 5087 2843 5194 glabro
2921 5088 3247 5166 alutaceo
3327 5089 3650 5192 undique

623 5204 1058 5309 marginante
1110 5205 1421 5307 stipitem
1466 5205 1982 5283 sublateralem
2031 5206 2545 5283 brevissimum
2561 5267 2581 5299 ,
2644 5206 2945 5285 alveolis
2998 5205 3338 5313 oblongis
3391 5209 3652 5284 decur-

625 5323 935 5401 rentibus
989 5323 1587 5426 pallescentibus,
1635 5325 1794 5402 acie
1844 5324 2072 5402 acutis
2115 5324 2625 5429 glandulosis„
