4984 6517
1345 608 1464 693 24

1244 826 1344 896 40.
1445 820 1593 899 Ac.
1653 821 2160 922 (nmmum)
2227 818 2605 903 Rmznsrs,
2688 815 2884 918 pileo
2949 840 3262 894 carnoso
3343 842 3685 894 convexo
3756 817 3945 893 laevi
4014 816 4397 918 (pruinoso
4416 822 4480 919 ?)

1443 939 2131 1042 fulvo-ferrugineo,
2187 936 2513 1039 margine
2566 944 2765 1011 arcte
2814 935 3175 1025 involuto,
3254 936 3490 1037 stipite
3542 963 3725 1013 cavo
3777 936 3985 1012 brevi
4048 936 4251 1010 nudo
4327 937 4480 1038 pal-

1442 1059 1626 1148 lido,
1678 1057 1840 1133 basi
1889 1056 2165 1141 inflato,
2220 1053 2523 1129 lamellis
2576 1052 2853 1129 adnatis
2906 1054 3251 1130 confertis
3305 1053 3646 1129 tenuibus
3697 1051 4480 1132 fulvo-cinnamomeis.

1544 1199 1678 1277 Ad
1729 1207 1993 1274 terram
2049 1198 2123 1272 in
2183 1201 2402 1273 Costa
2450 1198 2658 1285 Rioa,
2715 1198 3036 1299 copiose.

1544 1344 1683 1419 Hic
1731 1370 1869 1417 non
1924 1342 2270 1442 depictus,
2321 1343 2448 1417 sed
2494 1346 2780 1443 copiosa
2828 1342 3069 1415 adsunt
3121 1343 3485 1441 specimina
3540 1343 3714 1414 bene
3771 1355 4202 1429 conservata,
4255 1355 4329 1415 ut
4391 1344 4488 1416 sa-

1446 1464 1572 1537 cile
1621 1463 2059 1537 determinare
2111 1461 2307 1535 liceat
2369 1461 2544 1534 hanc
2595 1487 2635 1535 e
2692 1463 2897 1561 stirpe
2955 1460 3043 1532 A.
3083 1469 3454 1560 peregrini
3508 1461 3808 1558 speciem
3885 1460 4243 1548 trivialem,
4330 1462 4486 1533 olim

1444 1609 1483 1655 e
1534 1579 1821 1656 Brasilia
1875 1606 2149 1681 quoque
2205 1591 2568 1678 receptam.
2671 1576 2920 1652 Velum
2973 1579 3240 1652 nullum.
3348 1575 3583 1677 Stipes
3634 1581 3895 1651 unciam
3960 1580 4072 1651 vix
4123 1582 4487 1677 attingens,

1450 1705 1776 1775 minorum
1833 1728 1872 1774 a
1916 1702 2063 1775 basi
2115 1698 2199 1771 ad
2252 1701 2513 1798 apicem
2581 1709 2985 1784 attenuatus,
3059 1701 3385 1794 majorum
3438 1699 3585 1771 basi
3636 1697 3936 1785 inflatus,
4002 1698 4256 1772 inferne
4307 1704 4488 1770 3—4

1448 1821 1555 1894 lin.
1610 1845 1912 1906 crassus,
1964 1817 2375 1917 pallescens,
2421 1817 2687 1915 glaber,
2739 1814 2920 1887 haud
2972 1815 3456 1914 cartilaginem.
3559 1811 3793 1888 Pileus
3847 1841 4230 1901 convexus,
4291 1817 4488 1888 obtu-

1453 1964 1606 2025 sus,
1663 1939 1925 2023 siccus,
1985 1937 2245 2035 absque
2295 1936 2530 2008 floccis
2583 1935 2985 2033 squamisve,
3039 1947 3106 2006 at
3154 1934 3513 2032 impolitus,
3654 1931 3835 2006 Caro
3887 1935 4138 2020 tenuiS‚
4203 1933 4485 2006 fulvella.

1446 2052 1791 2130 Lamellae
1843 2056 2082 2130 lineam
2128 2055 2334 2140 latae,
2392 2052 2572 2125 haud
2625 2051 3093 2130 decolorantes
3145 2054 3185 2128 l.
3244 2053 3691 2151 pulveraceae
3737 2064 3810 2123 ut
3854 2053 3922 2125 in
3976 2050 4389 2126 Cortinariis.

1252 2243 1349 2311 Η.
1455 2236 1603 2313 Ac.
1656 2236 2167 2338 (nmmum)
2214 2257 2715 2314 Putemus.
2823 2233 2941 2310 Fr.
2998 2233 3108 2308 El.
3164 2259 3235 2335 p.
3288 2240 3388 2309 31.

1550 2368 1633 2441 In
1679 2368 1952 2443 truncis
1989 2369 2275 2445 Insulae
2328 2371 2425 2448 St.
2486 2372 2758 2447 Crucis,
2807 2377 3109 2449 Benzon.

1259 2517 1359 2585 ⁴2.
1461 2509 1609 2587 Ac.
1664 2509 2147 2614 (Naucoma)
2202 2537 2597 2593 PEDIADES.
2704 2514 2946 2616 Epicr.
3007 2543 3074 2616 p.
3126 2523 3267 2589 497.

1563 2654 1690 2729 Ad
1740 2652 2232 2755 Morningstar
2278 2652 2355 2726 in
2396 2653 2536 2727 Ins,
2594 2652 2694 2730 St.
2756 2652 3042 2739 Cruci8‚
3093 2649 3421 2728 Octobri.
3530 2653 3626 2726 Ic.
3678 2679 3745 2724 n.
3799 2655 3909 2729 25.

1253 2807 1353 2876 43.
1459 2801 1607 2878 Ac.
1657 2800 2136 2901 (Nancoma)
2189 2821 2649 2874 ARENICOLA.
2705 2799 2919 2876 Berk.
2979 2799 3211 2900 Fung.
3270 2794 3498 2896 Zeyh.
3549 2821 3615 2869 n.
3673 2804 3732 2870 6.

1555 2945 1682 3020 Ad
1731 2952 1999 3019 terram
2049 2943 2122 3017 in
2175 2941 2509 3020 Vulcano
2556 2942 2772 3015 lrasa.
2829 2944 2926 3019 Ic.
2981 2970 3046 3018 n.
3105 2953 3199 3016 16.

1257 3094 1353 3162 14.
1460 3087 1607 3164 Ac.
1672 3084 2151 3188 (Nauconra)
2203 3109 2912 3166 SEMIORBICULARIS.
3017 3085 3198 3160 Bull.
3259 3130 3352 3143 —
3407 3085 3541 3185 Ep.
3598 3110 3665 3184 p.
3723 3089 3863 3158 ⁴77.

1556 3233 1682 3307 Ad
1729 3241 1996 3312 terram
2049 3256 2283 3333 prope
2329 3229 2684 3329 Naranjo,
2736 3256 2989 3306 mense
3042 3229 3263 3329 Majo.
3372 3233 3469 3303 Ic.
3524 3258 3589 3302 n.
3645 3235 3741 3304 47.

1548 3377 1685 3451 Hic
1733 3391 1838 3455 sat
1881 3380 2252 3476 conspicue
2305 3378 2390 3449 ab
2441 3375 2813 3479 Europaeo
2893 3379 3142 3467 differt,
3213 3379 3493 3452 lamellis
3547 3379 3760 3476 magis
3823 3375 4218 3450 distantibus
4271 3377 4494 3450 susce-

1455 3498 1832 3582 scentibuS,
1881 3495 2004 3569 sed
2056 3497 2333 3594 specim.
2385 3498 2450 3574 in
2504 3499 2671 3595 spic.
2723 3498 2856 3569 vini
2909 3509 3172 3570 servata
3225 3507 3471 3568 mutata
3524 3495 3850 3569 videntur.

1302 3657 1358 3751 †
1456 3652 1605 3727 Ac.
1663 3653 2061 3752 (Gutus)
2113 3654 2745 3728 uoccmnn'rus?
2802 3652 2935 3754 Ep.
2992 3677 3062 3752 p.
3117 3661 3260 3726 209.

1470 3873 1533 3959 ὀ
1558 3766 1685 3842 Ad
1762 3774 2028 3841 terram
2108 3766 2518 3843 fimetosam
2599 3792 2835 3869 prope
2920 3767 3240 3867 Naranjo
3270 3828 3287 3856 ‚
3372 3766 3804 3844 Costa-Rica
3826 3826 3843 3854 ,
3935 3793 4187 3844 mense
4269 3767 4490 3868 Majo.

1534 3904 1658 3961 νει.
1711 3896 1795 3960 ic.
1842 3914 1907 3957 n.
1960 3897 2019 3960 6.

1558 4024 1819 4100 Exacte
1872 4026 2075 4101 refert
2126 4030 2510 4102 varietatem
2563 4029 2980 4129 pallidiorem
3038 4031 3127 4104 A.
3179 4043 3428 4120 teneri,
3495 4036 3676 4131 juxta
3741 4036 3883 4107 vias
3960 4059 4183 4132 prope
4261 4030 4494 4133 Upsa-

1457 4146 1609 4217 liam
1668 4146 1934 4217 obviam
1957 4204 1974 4232 ,
2032 4159 2099 4218 at
2147 4149 2457 4221 inventor
2507 4151 2573 4222 in
2624 4148 2855 4223 sched.
2913 4151 3161 4250 pileum
3215 4153 3847 4250 subsquamulosum
3903 4151 4255 4239 describit,
4309 4152 4494 4252 quod

1461 4262 1547 4335 ad
1598 4260 1688 4336 A.
1746 4263 2215 4339 flocculentum
2266 4269 2549 4367 propius
2606 4267 2884 4341 accedit.
2984 4265 3260 4342 Dubius
3312 4271 3562 4342 tamen!

1253 4459 1352 4525 ⁴5.
1460 4453 1608 4528 Ac.
1672 4454 2175 4555 (Psanrou)
2222 4477 2548 4530 Jnsmws
2566 4515 2584 4541 ,
2641 4454 2833 4555 pileo
2889 4478 3201 4530 carnoso
3252 4456 3450 4530 tenui
3510 4481 3553 4531 e
3640 4457 4139 4556 campanulato
4218 4482 4493 4559 expan-

1459 4595 1579 4657 so,
1639 4570 1843 4645 disco
1896 4569 2125 4673 gibbo
2179 4571 2364 4645 laevi
2415 4571 2788 4659 umbrino‚
2852 4581 3175 4647 ceterum
3231 4572 3306 4647 in
3368 4599 3706 4676 squamas
3779 4574 4048 4675 pilosas
4108 4576 4495 4678 adpressas

1460 4687 1874 4763 rusofuscas
1927 4687 2358 4775 secedente,
2413 4689 2650 4791 stipite
2704 4714 2884 4764 cavo
2936 4715 2981 4764 a
3034 4688 3188 4764 basi
3240 4691 3632 4767 incrassata
3682 4692 4079 4795 aequaliter
4106 4703 4492 4781 attenuato,

1448 4807 1717 4881 annulo
1770 4806 2016 4881 lacero
2076 4817 2559 4883 evanescente
2580 4867 2597 4893 ,
2651 4805 2952 4883 lamellis
3003 4808 3250 4885 liberis
3304 4808 3848 4886 confertissimis
3898 4816 4194 4890 demum
4245 4814 4487 4917 nigris.

1551 4959 1630 5032 In
1677 4957 1945 5034 Antillis
1999 4987 2128 5033 una
2181 4985 2333 5032 curn
2390 4958 2479 5032 A.
2533 4970 2907 5060 campestri
2959 4973 3027 5034 et
3075 4971 3365 5034 arvam-i.
3433 4961 3522 5036 A.
3570 4965 3936 5040 silvaticum
3982 4966 4202 5064 primo
4253 4964 4491 5039 obtutu

1452 5079 1518 5149 in
1576 5083 1964 5152 memoriam
2024 5091 2330 5165 revocat,
2415 5089 2482 5151 at
2540 5080 2761 5177 stipite
2832 5079 3124 5178 pileique
3202 5080 3428 5154 indole
3499 5085 3726 5181 potius
3780 5083 3866 5156 ad
3925 5085 4259 5156 Procerus
4311 5110 4374 5155 v.
4429 5107 4491 5156 c.

1455 5196 1546 5270 A.
1595 5200 2042 5272 mastoideum
2096 5197 2336 5296 (multo
2387 5199 2758 5271 tenuiorem
2801 5200 3055 5297 tamen)
3109 5199 3386 5273 accedit.
3491 5198 3727 5301 Stipes
3780 5207 3819 5274 3
3869 5229 4019 5274 unc.
4074 5228 4292 5302 usque
4344 5203 4490 5274 lon-

1446 5342 1615 5415 gus,
1670 5344 1706 5389 a
1751 5318 1897 5390 basi
1949 5316 2236 5389 bulbosa
2288 5317 2653 5415 aequaliter
2698 5328 3102 5406 attenuatus,
3155 5331 3227 5391 ut
3273 5320 3466 5421 apice
3517 5322 3628 5394 vix
3680 5328 3722 5393 2
3763 5320 3870 5393 lin.
3913 5347 4214 5408 crassus,
4258 5325 4489 5394 imma-
