4984 6517
1318 566 1504 652 340

1515 777 1641 854 Ad
1719 776 1958 852 littora
2025 775 2282 852 Novae
2361 775 2802 850 Hollandiae
2887 773 3383 851 meridionalis
3428 773 3502 848 in
3547 773 3854 851 sinibusae
3881 777 4060 852 Port
4127 777 4487 854 Adelaide

1209 909 1282 970 et
1330 896 1507 969 Port
1556 893 1814 996 Phillip
1864 894 2396 997 vulgatissima,
2458 900 2538 967 ut
2586 893 2893 980 videtur,
2942 891 3252 993 species.

1518 1032 1718 1108 «We
1774 1035 1918 1108 sear
1968 1034 2109 1107 that
2160 1036 2435 1109 authors
2489 1036 2684 1108 make
2743 1049 2860 1108 too
2916 1063 3117 1137 many
3167 1034 3439 1132 species
3484 1035 3551 1105 in
3601 1032 3730 1106 this
3781 1060 4052 1132 genus»
4103 1036 4283 1111 bene
4338 1037 4494 1112 dicit

1213 1149 1496 1253 Harvey
1548 1149 1741 1250 (Alg.
1790 1150 2026 1226 Tasm.
2074 1181 2140 1253 p.
2187 1154 2333 1249 16).
2436 1150 2903 1252 Receptacula
2960 1155 3025 1225 in
3078 1179 3240 1226 vera
3292 1147 3697 1223 Hormosira
3747 1148 4029 1224 Banksii
4105 1156 4492 1232 normaliter

1213 1268 1540 1367 elliptica,
1610 1297 2093 1370 nonnunquam
2166 1273 2234 1343 in
2309 1269 2659 1369 sphaerica
2737 1270 2771 1341 Ι.
2847 1270 3197 1342 oviformia
3249 1279 3622 1353 transeunt;
3707 1271 4094 1343 normaliter
4150 1300 4488 1372 nunquam

1214 1399 1366 1458 sunt
1436 1413 1522 1461 ex
1588 1388 1944 1487 sphaerico
1987 1389 2316 1487 depressa
2363 1388 2401 1459 l.
2453 1386 3016 1484 cupulaeformia,
3070 1413 3241 1486 quae
3290 1385 3546 1456 formae
3602 1387 4055 1462 exsiccatione
4107 1389 4146 1460 l.
4203 1390 4490 1488 quadam

1217 1503 1744 1602 degeneratione
1791 1510 2109 1580 oriuntur.
2214 1503 2290 1578 In
2321 1501 2803 1604 speciminibus
2854 1506 3138 1576 maxime
3188 1505 3475 1577 evolutis
3528 1504 3947 1601 receptacula
4005 1507 4052 1580 7
4106 1506 4314 1581 lineas
4368 1512 4493 1583 cir·

1215 1624 1383 1695 citer
1432 1635 1586 1696 sunt
1640 1624 1839 1720 longa
1890 1636 1958 1697 et
2001 1621 2048 1695 5
2105 1623 2267 1708 lata3
2320 1625 2386 1694 in
2437 1623 2919 1721 speciminibus
2967 1621 3375 1716 junioribus,
3430 1646 3604 1719 quae
3655 1632 3806 1693 ante
3855 1622 4093 1695 oculos
4133 1623 4497 1714 habemus,

1217 1739 1263 1810 3
1305 1739 1512 1812 lineas
1564 1742 1763 1838 longa
1812 1741 2122 1840 duasque
2178 1740 2342 1823 lata;
2394 1742 2459 1811 in
2503 1741 2786 1811 maxime
2832 1738 3267 1835 juvenilibu8‚
3328 1763 3501 1836 quae
3542 1737 3860 1825 vidimus,
3906 1743 4162 1814 semine
4212 1739 4489 1843 Sinapis

1216 1855 1546 1929 interdum
1623 1870 1777 1931 sunt
1856 1885 2092 1957 parum
2167 1861 2452 1952 majora3
2543 1855 2847 1927 distantia
2917 1855 3503 1952 receptaculorum
3552 1882 3788 1953 parum
3839 1869 4176 1930 constans.
4286 1858 4494 1936 Tales

1222 1974 1478 2046 formae
1555 1973 1641 2046 ad
1704 1972 1795 2047 H.
1865 1971 2135 2049 Sieberi
2189 1988 2258 2049 et
2312 1972 2404 2047 H.
2458 1970 2926 2045 Labillardieri
2979 1973 3172 2044 nimis
3231 1972 3562 2046 accedere
3611 1973 3938 2059 videntur,
3978 2001 4186 2074 quare
4238 1990 4307 2050 et
4352 1979 4493 2053 illas

1220 2091 1308 2163 ab
1360 2094 1747 2176 auctoribus
1803 2091 2144 2174 distinctas
2197 2095 2468 2192 species
2505 2102 2861 2189 suspectas
2906 2088 3151 2161 habeo.

2160 2283 2285 2356 lx.
2375 2279 3315 2357 CARPOGLOSSUM
3371 2285 3575 2356 Kiitz.

1641 2443 1703 2507 1.
1787 2433 2417 2512 CanPoGLossuM
2471 2455 2911 2508 cour-Lusus
2961 2432 3347 2536 (Bt-own).
3449 2435 3520 2505 J.
3575 2434 3716 2529 Ag.
3766 2437 3809 2508 l.
3864 2465 3920 2508 c.
3955 2464 4038 2537 p.
4095 2444 4234 2513 195.

1532 2568 1658 2641 Ad
1701 2566 1938 2641 littora
1985 2564 2238 2640 Novae
2285 2564 2725 2641 Hollandiae
2778 2566 2852 2640 in
2899 2567 3060 2641 sinu
3100 2567 3281 2640 Port
3326 2565 3584 2666 Phillip
3645 2592 3878 2668 prope
3939 2567 4289 2656 Pharum,
4369 2572 4500 2646 sed

1231 2682 1470 2758 multis
1525 2683 1678 2758 aliis
1729 2682 2152 2783 speciebus,
2208 2682 2281 2756 ni
2334 2681 2576 2769 fallor,
2630 2684 2702 2760 in
2762 2681 2874 2765 his
2926 2684 3076 2758 oris
3125 2682 3381 2757 rarior.

1534 2817 1765 2892 Callus
1817 2820 2123 2892 radicalis
2165 2819 3160 2918 pulvinato-hemisphaericus‚
3197 2846 3283 2892 ex
3316 2846 3451 2917 quo
3488 2819 3710 2918 planta
3753 2825 4050 2920 exsurgit
4086 2835 4271 2895 certe
4303 2824 4506 2922 pluri-

1232 2933 1512 3036 pedalis.
1619 2933 1989 3034 Scapbidia
2064 2939 2129 3007 in
2202 2938 2369 3008 meis
2435 2938 2916 3035 speciminibus
2972 2941 3082 3011 vix
3134 2939 3197 3011 in
3254 2941 3467 3011 series
3511 2938 3710 3032 (4-6,
3766 2964 3903 3011 sec.
3950 2936 4013 3010 J.
4071 2938 4243 3038 Ag.)
4291 2943 4499 3041 longi-

1230 3051 1558 3131 tudinales
1645 3056 2044 3152 perspicuas
2127 3053 2489 3151 disposita,
2563 3054 2689 3128 sed
2754 3058 2899 3128 sine
2953 3055 3188 3127 ordine
3241 3083 3369 3155 per
3420 3055 3678 3129 discum
3733 3056 4040 3129 soliorum
4093 3059 4180 3128 ita
4235 3086 4503 3157 sparsa,

1233 3183 1304 3240 ut
1352 3196 1587 3268 margo
1645 3173 1950 3269 utrinque
1995 3171 2214 3244 nudus
2272 3172 2529 3245 evadat.
2637 3172 2884 3246 Cetera
2943 3187 3012 3246 ut
3064 3174 3245 3272 apud
3293 3175 3364 3247 J.
3416 3175 3555 3268 Ag.
3608 3175 3650 3246 l.
3689 3202 3745 3247 c.

2256 3357 2348 3429 X.
2431 3353 3193 3438 DURVILLAEA
3258 3359 3476 3457 Bor-y.

1546 3505 1787 3580 Callus
1859 3504 2192 3580 radicalis
2272 3506 2693 3581 discoideus
2769 3506 3428 3606 plano-convexus,
3547 3506 3845 3581 Thallus
3910 3508 4341 3608 explanatus
4385 3511 4505 3587 sti-

1240 3626 1530 3725 pitatus,
1616 3622 1854 3722 stipite
1933 3623 2145 3698 tereti
2228 3623 2469 3697 solido
2548 3623 2620 3698 in
2708 3624 3044 3699 laminam
3116 3627 3447 3728 primitus
3506 3624 3905 3725 simplicem
3966 3625 4236 3700 deinde
4284 3628 4357 3702 in
4409 3629 4507 3703 la-

1242 3740 1467 3815 cinias
1525 3765 1568 3813 e
1621 3739 1948 3841 margine
1986 3740 2382 3841 explicatas
2448 3739 3127 3840 subpalmatifissam
3212 3769 3393 3818 mox
3480 3751 3986 3818 evanescente.
4121 3743 4508 3844 Scaphidia

1240 3883 1374 3958 per
1425 3866 1656 3932 totum
1710 3855 2007 3930 thallum
2061 3880 2315 3956 sparsa
2362 3856 2436 3931 in
2486 3867 2709 3933 strato
2763 3860 3084 3934 corticali
3136 3860 3561 3946 nidulantia,
3619 3884 3806 3959 poro
3851 3868 4174 3959 pertusa,
4226 3863 4504 3959 (omnia

1240 3976 1315 4054 in
1369 3973 1640 4047 eodem
1686 3972 2100 4074 individuo)
2153 3984 2274 4049 aut
2326 4001 2540 4050 ascos
2592 3986 2714 4051 aut
2743 3975 3141 4053 antheridia
3167 3977 3627 4065 includentia,
3666 3978 3985 4079 indeque
4017 3977 4288 4065 dioica;
4340 3981 4507 4065 asci,

1237 4092 1374 4166 filis
1453 4089 2060 4191 paraphysoideis
2151 4091 2775 4192 subsimplicibus,
2858 4094 3190 4182 obovati,
3278 4095 3588 4170 utriculo
3682 4094 4130 4195 primordiali
4207 4096 4278 4169 iu
4360 4105 4507 4171 tres

1237 4218 1482 4311 partes
1556 4207 2129 4282 transversaliter
2214 4209 2447 4285 diviso
2532 4221 2604 4286 et
2678 4210 2932 4286 harum
3003 4212 3435 4287 intermedia
3507 4212 3942 4287 verticaliter
3991 4213 4064 4286 in
4117 4212 4300 4287 duas
4350 4240 4510 4314 par-

1236 4327 1395 4413 tita,
1497 4324 1816 4426 denique
1909 4325 2464 4427 tetrasporiferi3
2584 4328 2987 4405 antheridia
3101 4329 3422 4406 obovata
3517 4328 3610 4402 ad
3707 4329 3826 4405 fila
3919 4328 4508 4431 paraphysoidea

1237 4467 1547 4518 ramosa.

1546 4591 1665 4667 De
1717 4606 2043 4667 structura
2097 4591 2276 4664 thalli
2332 4604 2399 4664 et
2444 4595 2630 4668 cellis
2682 4596 2841 4681 illis,
2892 4596 3157 4693 quaein
3186 4592 3580 4667 Durvillaea
3612 4593 3747 4665 utili
3776 4592 4239 4674 observantur,
4286 4594 4508 4690 apium

1242 4740 1375 4786 non
1423 4710 1885 4793 dissimilibus,
1944 4708 2060 4782 cfr.
2109 4707 2174 4781 J.
2233 4709 2365 4808 Ag.
2423 4711 2459 4782 Ι.
2516 4738 2572 4783 c.
2630 4723 2696 4783 et
2746 4739 2840 4796 ea,
2871 4738 3045 4811 quae
3097 4712 3262 4784 infra
3319 4711 3546 4784 dicere
3601 4711 3802 4783 nobis
3853 4712 3918 4782 in
3969 4711 4189 4781 animo
4219 4722 4343 4782 est.
4391 4709 4508 4782 De

1243 4830 1430 4903 cellis
1484 4854 1649 4901 vero
1703 4827 1771 4897 id
1811 4826 2028 4900 solum
2066 4826 2561 4900 observandum
2586 4840 2722 4914 est,
2768 4829 3078 4902 vesiculis
3103 4827 3567 4901 Fucacearum
3615 4854 3732 4901 eas
3770 4830 3913 4900 sine
3953 4826 4162 4899 dubio
4191 4827 4508 4925 analogas

1242 4974 1419 5020 nunc
1465 4944 1710 5018 adesse
1762 4970 1938 5016 nunc
1991 4942 2359 5017 desiderari
2408 4970 2694 5043 eamque
2748 4948 2832 5018 ab
2886 4973 3154 5020 causam
3208 4948 3274 5018 in
3330 4947 3634 5043 diagnosi
3688 4946 3990 5043 generiS,
4044 4957 4114 5016 ut
4164 4958 4507 5041 putamus,

1244 5091 1379 5140 nou
1437 5088 1592 5137 esse
1651 5060 2131 5160 respiciendas.
2237 5059 2839 5159 Morphologicam
2892 5063 3070 5136 thalli
3125 5064 3576 5137 evolutionem
3631 5062 3815 5161 quod
3875 5066 4134 5147 attinet,
4189 5064 4251 5133 in
4295 5067 4506 5162 prima

1247 5182 1512 5255 infantia
1567 5180 1830 5253 videtur
1875 5182 2146 5251 omnino
2190 5178 2417 5251 folium
2475 5181 2838 5276 stipitatum
2889 5181 3274 5266 indivisum,
3316 5194 3384 5253 ut
3434 5181 3674 5252 thallus
3709 5177 4129 5253 Laminariae
4158 5179 4507 5278 digitatae,

1249 5329 1288 5375 e
1346 5301 1542 5396 cujus
1595 5301 1790 5398 apice
1841 5309 1909 5373 et
1963 5300 2260 5395 margine
2316 5300 2623 5397 utrinque
2678 5310 3078 5371 excrescunt
3131 5300 3404 5372 laciniae
3457 5298 3609 5398 plus
3664 5303 3877 5372 minus
3949 5299 4339 5395 elongatae,
4416 5298 4506 5369 la-
