4984 6517
1260 1139 1327 1213 2.

1377 545 1556 635 106

1573 760 1909 843 Quattuor
1960 789 2136 837 nova
2188 760 2440 866 Hydna
2496 761 2917 864 Mesopodia
2965 791 3304 866 unumque
3329 764 3751 867 Pleuropus,
3796 769 3956 843 nulli
4000 766 4213 856 affine,
4246 769 4311 842 in
4335 766 4497 845 Vet.

1465 878 1597 953 Ac.
1647 881 1858 955 Foth.
1924 881 2136 956 1851.
2189 881 2398 958 Febr.
2453 884 2951 986 descripsimus.
3075 881 3271 960 Haec
3320 889 3386 959 in
3458 882 3746 976 Suecia,
3793 885 4198 992 Hydnorum
4250 887 4493 977 feraci,

1466 999 1732 1074 detecta
1783 1013 1953 1073 sunt.

1461 1139 1554 1214 H.
1618 1142 2144 1240 (Panaenus)
2192 1162 2841 1216 FLABELLIFORME.
2946 1140 3203 1216 Berk.!

1557 1281 1684 1356 Ad
1734 1290 2032 1356 truncos
2086 1281 2511 1373 Quercuum
2562 1281 2954 1356 Americae
2994 1278 3331 1355 borealis’.

1559 1424 1746 1499 Nulli
1799 1453 1961 1500 suae
2014 1428 2331 1500 sectionis
2386 1428 2510 1500 rite
2562 1426 2795 1514 affine,
2842 1428 2999 1525 pilei
3051 1453 3214 1501 vero
3266 1425 3477 1499 forma
3524 1437 3592 1499 et
3642 1438 3973 1500 structura
4020 1424 4113 1496 H.
4166 1423 4493 1498 conchato

1459 1548 1858 1643 proximum.
1960 1541 2211 1618 Differt
2259 1572 2425 1619 vero
2479 1545 2660 1644 pileo
2740 1544 3210 1632 flabellisormi,
3277 1546 3500 1643 stipite
3577 1543 3885 1619 distincte
3941 1544 4223 1630 laterali,
4304 1545 4484 1641 jugis

1460 1664 1632 1736 inter
1684 1664 1914 1736 sulcos
1965 1662 2240 1736 elevatis
2293 1663 2680 1764 aculeisque
2735 1666 2940 1737 multo
2998 1664 3419 1737 brevioribus
3471 1661 3729 1736 albidis.

1257 1839 1324 1913 3.
1449 1836 1542 1912 Η.
1595 1838 1876 1933 (Apus)
1920 1860 2318 1923 munau,
2394 1836 2590 1937 pileo
2673 1838 2907 1913 sessili
2984 1864 3296 1916 carnoso
3376 1840 3607 1943 fragili
3684 1840 4066 1942 applanato
4124 1841 4493 1915 floccoso-

1456 1953 1719 2029 scabro
1814 1954 2058 2030 albido
2095 2014 2114 2041 ,
2209 1954 2481 2030 aculeis
2577 1954 2924 2031 subulatis
3012 1957 3249 2061 longis
3344 1958 3843 2061 inaequalibus
3900 1958 4489 2035 ‘subdistantibus

1461 2070 1856 2147 ochraceis.

1552 2212 1680 2288 Ad
1734 2221 2033 2287 truncos
2081 2211 2472 2286 Americae
2516 2210 2854 2287 borealiS.
2922 2214 3209 2289 Cur-tis!

1553 2350 1788 2425 Pileus
1843 2350 2249 2438 dimidiatus,
2302 2354 2731 2425 transversim
2784 2352 2870 2424 ad
2922 2354 3153 2452 plures
3214 2355 3441 2426 uncias
3515 2352 3853 2440 dilatatus,
3930 2353 4201 2452 planus,
4276 2381 4318 2427 e
4385 2366 4491 2426 to-

1451 2484 1676 2544 mento
1728 2470 2107 2544 confluente
2154 2473 2219 2542 in
2269 2470 2625 2569 superficie
2705 2472 3072 2546 scabrosus
3127 2485 3195 2546 et
3246 2474 3528 2545 maxime
3580 2472 4034 2571 inaequabilis,
4083 2472 4491 2559 nodulosuS,

1458 2590 1944 2663 scrobiculatus
1997 2600 2123 2662 etc.
2199 2591 2461 2661 unciam
2515 2600 2584 2661 et
2648 2590 2815 2662 ultra
2883 2590 3088 2677 latus,
3167 2617 3451 2677 azonus,
3529 2592 3755 2677 albus,
3822 2593 4045 2663 siccus
4117 2593 4493 2678 alutaceus,

1454 2714 1750 2807 margine
1805 2710 2034 2780 stricto
2085 2719 2302 2779 acuto.
2417 2704 2795 2781 Contextus
2844 2735 3200 2795 carnosuS,
3273 2722 3340 2782 at
3411 2714 3632 2783 siccus
3683 2709 4181 2809 lento-fragilis,
4235 2710 4488 2783 flocco-

1452 2854 1600 2913 sus,
1650 2854 1856 2926 saepe
1910 2854 1948 2898 a
1997 2827 2195 2898 larvis
2251 2850 2589 2897 corrosus.
2692 2823 2939 2899 Aculei
2990 2828 3295 2915 subulati‚
3338 2829 3667 2901 interdum
3703 2831 4109 2925 compressi,
4167 2826 4251 2898 ad
4285 2824 4484 2899 3-5

1450 2946 1555 3017 lin.
1607 2946 1927 3042 elongati,
1988 2947 2193 3028 acuti,
2241 2943 2437 3014 solito
2493 2945 2706 3041 magis
2757 2947 2930 3018 inter
2981 2974 3057 3019 se
3112 2946 3464 3031 distantes„
3517 2959 3583 3018 at
3632 2948 3778 3019 basi
3830 2947 4009 3019 nullo
4060 2946 4265 3018 modo
4320 2973 4485 3017 con-

1451 3065 1636 3150 nexi,
1718 3062 2062 3148 ochracei,
2135 3063 2430 3134 siccitate
2498 3062 2734 3134 mellei.
2864 3064 2957 3137 H.
2994 3064 3550 3165 pulcherrimum
3596 3063 3803 3139 Berk.
3848 3078 3915 3138 et
3967 3063 4188 3137 Curt.!
4236 3065 4486 3136 aculeis

1445 3183 1804 3280 multisque
1858 3183 2033 3253 notis
2080 3182 2448 3279 conspicue
2504 3180 2740 3254 differt.

1444 3345 1536 3420 H.
1590 3343 1869 3442 (Apus)
1922 3366 2425 3428 conclarum,
2504 3342 2699 3443 pileo
2776 3341 3008 3416 sessili
3081 3341 3419 3416 coriaceo
3499 3339 3956 3416 subrotundo
4020 3340 4482 3415 concentrice

1445 3461 1722 3536 sulcato
1770 3459 2491 3561 floccoso-laevigato
2547 3459 2747 3546 albo,
2835 3459 3101 3533 aculeis
3153 3457 3500 3533 subulatis
3582 3459 3990 3560 gracillimis
4059 3456 4482 3560 aequalibus

1444 3579 1482 3654 f
1562 3580 1685 3653 ciS.

1474 3607 1633 3773 usIn
1688 3696 1960 3772 truncis
2011 3694 2141 3768 inS.
2204 3691 2436 3768 Oahu.
2492 3695 2857 3768 Didrichs.
2903 3724 2968 3767 n.
3023 3702 3131 3769 56.

1541 3837 1714 3910 Pilei
1769 3836 2116 3922 dimidiati,
2165 3836 2523 3923 imbricati‚
2577 3838 2898 3924 coriacei,
2950 3847 3223 3923 tenues,
3275 3848 3379 3908 sat
3430 3837 3668 3911 molles
3730 3837 4130 3933 (substantia
4185 3831 4479 3932 Sterei),

1443 3954 2180 4032 obovato-subrotundi
2233 3956 2272 4026 l.
2326 3956 2892 4040 semicirculares,
2948 3953 3151 4027 sulcis
3195 3957 3637 4028 concentricis
3688 3957 3905 4029 minus
3931 3954 4280 4055 profundis
4321 3981 4480 4028 exa-

1440 4079 1595 4162 rati,
1649 4075 1772 4148 sed
1819 4076 2079 4172 absque
2135 4077 2324 4147 zonis
2379 4073 2861 4160 discoloribus,
2910 4074 3029 4143 toti
3080 4073 3477 4160 albicantes,
3528 4073 3685 4145 villo
3732 4076 3844 4147 vix
3887 4072 4311 4173 perceptibili
4361 4071 4475 4144 ad-

1439 4221 1719 4293 press03
1772 4192 1926 4264 villo
1985 4191 2256 4266 deterso
2309 4196 2468 4290 juga
2541 4191 2872 4264 interdum
2946 4193 3194 4265 abeunt
3260 4194 3325 4264 in
3401 4218 3608 4264 zonas
3686 4191 4471 4265 fiilvello-fiiscescentes.

1437 4309 1691 4411 Margo
1745 4310 2101 4410 regularis,
2150 4312 2611 4395 tenuissimus,
2688 4308 3069 4410 hymenium
3125 4310 3484 4383 excedens.
3589 4306 3835 4383 Aculei
3884 4312 4260 4408 gracillimi,
4314 4337 4478 4384 con-

1438 4430 1801 4515 fertissimi,
1855 4431 2094 4503 eximie
2147 4428 2524 4526 regulares,
2582 4428 2900 4515 subulati‚
2953 4428 3199 4527 pallide
3248 4427 3434 4500 susci.

1434 4570 1526 4645 H.
1587 4570 1930 4671 (Rnsup.)
1983 4590 2446 4658 squamma.
2552 4565 2793 4666 Epicr.
2854 4590 2923 4665 p.
2988 4562 3157 4638 515.

1536 4720 1620 4794 In
1672 4717 2020 4793 America
2064 4715 2364 4791 boreali.
2470 4716 2821 4801 Ravenal,·
2877 4711 3079 4786 dedit
3139 4710 3583 4784 Tuckerman.

2370 4895 2621 4968 IRPEx.
2730 4889 2969 4991 Epicr.
3025 4914 3094 4989 p.
3152 4887 3319 4961 521.

1432 5043 1666 5117 IRPEX
1721 5061 2173 5115 TABAcmus.
2279 5036 2492 5111 Berk.
2529 5043 2602 5110 et
2633 5035 2860 5109 Curt!
2914 5031 3332 5133 spadiceuS,
3380 5028 3574 5130 pileo
3625 5028 3962 5103 coriaceo
3995 5026 4192 5103 tenui
4227 5026 4463 5101 effuso

1432 5158 1753 5233 breviter
1802 5157 2118 5243 reflexo,
2170 5179 2487 5255 superne
2540 5157 3387 5254 scruposo-tomentoso,
3443 5145 3780 5223 dentibus
3834 5144 4276 5246 compressis
4330 5143 4464 5219 ob-

1432 5276 1609 5352 tusis
1660 5275 2149 5378 irregulariter
2199 5271 2501 5347 seriatis,
