4984 6517
3472 539 3646 627 107

816 722 944 799 Ad
996 725 1308 804 cortices
1363 730 1744 808 Carolinae
1788 736 2033 809 Berk!
2091 735 2329 812 Cura!

807 862 1271 941 Pulcherrima
1325 875 1627 969 species,
1687 872 1918 946 colore
1981 876 2067 947 ab
2129 878 2439 952 omnibus
2520 881 2758 954 eximie
2810 881 3079 961 distans.
3179 888 3244 962 E
3304 890 3514 966 Costa
3564 894 3751 970 Rica

711 981 906 1056 adest
953 984 1198 1084 fungus
1249 989 1544 1061 nondum
1591 992 1996 1091 explicatus,
2051 1020 2253 1094 quem
2297 995 2431 1070 huc
2480 998 2782 1073 reseram.

503 1122 572 1196 2.
701 1124 753 1198 1.
813 1148 1297 1204 Pmnscnus.
1402 1127 1642 1229 Epicr.
1693 1156 1761 1230 p.
1820 1133 1987 1206 522.

501 1809 560 1877 1.

489 2840 549 2908 1.

481 3392 538 3461 1.

803 1265 931 1340 Ad
982 1291 1226 1343 ramos
1280 1268 1610 1367 dejectos
1659 1271 2154 1362 Liriodendri,
2202 1273 2501 1351 Mexico
2554 1285 2629 1352 et
2683 1279 3037 1354 Carolina.
3103 1282 3302 1359 Curt.
3357 1315 3422 1358 n.
3474 1292 3613 1364 170.

798 1406 918 1483 Ab
969 1411 1028 1483 I.
1104 1411 1545 1512 Tulipzferae
1614 1415 1817 1515 longe
1881 1419 2095 1492 distat.
2220 1419 2454 1496 Pileus
2542 1423 2824 1514 effusus,
2904 1427 3029 1500 sed
3105 1457 3397 1530 superne
3469 1462 3742 1536 semper

697 1532 1122 1627 marginatus.
1225 1530 1495 1607 Dentes
1547 1560 1782 1608 omnes
1840 1542 2249 1637 compressi,
2304 1545 2625 1630 connexi,
2678 1544 2875 1618 valde
2930 1545 3289 1623 difformes.

1549 1674 1961 1753 RADULUM.
2066 1679 2307 1780 Epicr.
2361 1706 2428 1781 p.
2487 1685 2654 1757 524.

698 1807 782 1880 R.
838 1831 1381 1888 romnnrosum.
1487 1814 1725 1917 Epicr.
1781 1845 1849 1919 p.
1908 1819 2075 1894 525.

789 1927 873 2000 In
918 1928 1266 2003 America
1316 1931 1613 2010 boreali.
1717 1934 1915 2012 Misit
1974 1940 2421 2015 Tuckerman.

795 2072 1169 2175 Singularis
1221 2090 1326 2151 est
1377 2082 1543 2153 ratio
1593 2081 1678 2155 de
1733 2086 2043 2156 omnibus
2113 2087 2476 2181 generibus
2555 2112 2715 2159 vere
2765 2090 3170 2164 naturalibus
3228 2092 3520 2193 indeque
3566 2122 3725 2195 per-

692 2198 1056 2282 ennaturis,
1112 2199 1327 2297 qualia
1379 2203 1596 2273 omnia
1676 2198 2005 2302 Hydnea,
2069 2206 2372 2302 primitus
2458 2204 2662 2277 dubia
2740 2210 3025 2297 moveri,
3087 2224 3153 2283 at
3226 2212 3610 2300 artificialia,
3683 2240 3722 2287 e

689 2313 1074 2388 charactere
1110 2317 1400 2415 quodam
1449 2320 1669 2391 subtili
1716 2319 2109 2418 pendentia,
2164 2325 2460 2421 agnosci.
2570 2320 2706 2403 Qui
2750 2351 2914 2398 vero
2970 2355 3033 2399 v.
3071 2355 3128 2400 c.
3167 2329 3523 2402 Radulum
3569 2358 3720 2404 cum

683 2432 938 2530 Hydno
989 2437 1267 2532 jungere
1320 2436 1598 2523 malunt,
1653 2442 1949 2513 neutrius
2004 2466 2165 2513 sane
2219 2453 2675 2541 perceperunt
2731 2471 2962 2517 verum
3014 2474 3276 2520 nexum.
3380 2446 3718 2523 Radulum

689 2548 988 2623 Corticio
1043 2564 1288 2624 tantum
1343 2553 1556 2626 affine.

1188 2696 1752 2775 CLAnonssnms.
1858 2701 2057 2774 Pers.
2115 2746 2208 2758 -
2263 2701 2494 2805 Fung.
2546 2702 2703 2777 Nat.
2762 2729 2830 2803 p.
2882 2706 2998 2778 20.

693 2838 770 2910 C.
826 2861 1126 2913 anssA.
1198 2838 1429 2940 Fung.
1483 2838 1635 2914 Nat.
1704 2867 1772 2941 p.
1825 2844 1941 2918 22.
2039 2846 2479 2947 Thelephora.
2536 2847 2860 2924 Kunze.!
2916 2849 3227 2924 Klotsch
3279 2852 3351 2924 in
3400 2853 3483 2927 N.
3542 2854 3706 2929 Act.

679 2953 830 3029 Nat.
891 2958 1055 3030 Cur.
1110 2957 1306 3057 Supl.
1357 2958 1408 3031 1.
1461 2983 1528 3057 p.
1587 2959 1754 3034 237.
1809 2985 1869 3034 c.
1923 2960 2010 3034 ic.

773 3095 838 3167 E
895 3095 1276 3170 Surinamo
1330 3100 1595 3196 accepi.

1246 3248 1795 3322 TnELEPnonA.
1898 3243 2113 3319 Ehrh.
2178 3290 2271 3301 —
2333 3243 2571 3343 Epicr.
2627 3269 2695 3344 p.
2743 3243 2909 3317 534.

675 3389 757 3461 Τ.
815 3386 1241 3488 (ΜΕεοΡυε)
1301 3388 2010 3475 ΟυιιΝυοοΡιοωΕε,
2094 3386 2287 3488 pileo
2344 3410 2388 3459 e
2436 3385 2634 3460 lento
2695 3384 2930 3487 rigido
2982 3386 3344 3486 profunde
3396 3387 3705 3462 infundi-

677 3503 1042 3579 buliformi
1096 3504 1683 3608 radiato-rugoso
1733 3504 1989 3608 glabro
2034 3504 2273 3593 fusco,
2340 3504 2591 3605 stipite·
2641 3503 3127 3606 glabriusculo
3188 3503 3455 3605 pallido
3475 3567 3493 3593 ,
3564 3505 3701 3607 hy-

667 3622 911 3696 menio
966 3621 1383 3725 subrugoso
1428 3624 1627 3700 nudo
1680 3623 1947 3727 griseo.

769 3764 895 3839 Ad
942 3774 1210 3840 terram
1260 3790 1494 3867 prope
1545 3767 1690 3840 San
1741 3768 1926 3841 Joce
1979 3765 2052 3839 in
2100 3765 2319 3839 Costa
2362 3765 2560 3839 Rica.
2621 3753 2888 3839 O'rstecl.

764 3905 1101 4008 Singulari
1153 3923 1424 3982 naturae
1483 3909 1633 3981 lusu
1683 3908 2122 3983 Cratereuum
2176 3906 2797 4007 Cornucopioidem
2849 3908 2938 3979 ita
3001 3907 3236 3993 refert,
3286 3917 3360 3977 ut
3419 3934 3503 3979 ex
3553 3909 3695 3979 ico-

675 4031 868 4102 nibus
918 4028 1098 4101 haud
1143 4028 1541 4126 distinguas!
1595 4024 1818 4125 Hujus
1871 4052 2034 4099 vero
2088 4027 2298 4123 stipes
2355 4027 2644 4112 soliduS,
2697 4026 3066 4099 substantia
3092 4030 3159 4098 in
3185 4027 3340 4098 vivo
3373 4051 3695 4097 carnoso-

671 4149 875 4233 lenta,
925 4149 1103 4218 sicca
1155 4146 1294 4219 sere
1345 4145 1939 4245 lapideo-lignosa3
1992 4144 2212 4243 pileus
2265 4144 2847 4243 radiato-rugosus
2876 4146 3172 4243 margine
3203 4143 3692 4216 subfimbriato!

663 4263 896 4365 Stipes
961 4264 1159 4337 2-3
1216 4291 1364 4337 unc.
1430 4265 1703 4363 longus,
1787 4263 1988 4335 2-3
2053 4262 2159 4334 lin.
2229 4288 2530 4348 crassus,
2611 4264 2905 4362 aequalis
2962 4263 3002 4333 l.
3063 4263 3207 4334 basi
3286 4272 3692 4347 attenuatus,

660 4408 1123 4483 compressus,
1215 4384 1731 4481 glabriusculus,
1813 4383 2305 4467 tenacissimus,
2379 4380 2686 4478 pallidus.
2830 4379 3064 4453 Pileus
3140 4379 3689 4451 membranaceo-

660 4503 1159 4600 cartilagineus,
1224 4504 1445 4574 siccus
1496 4501 1855 4573 admodum
1909 4501 2290 4598 rigescens,
2340 4495 2676 4596 profunde
2756 4498 3405 4584 infundibulisormis,
3490 4498 3688 4569 2-3

657 4647 804 4693 unc.
859 4621 1063 4705 latus,
1138 4620 1374 4718 glaber
1427 4621 1727 4719 quidem,
1806 4619 1930 4691 sed
1979 4619 2155 4716 jugis
2239 4617 2515 4690 elevatis
2567 4642 2805 4689 versus
2885 4616 3247 4713 marginem
3302 4616 3688 4688 undulatum

658 4742 1096 4838 primitusque
1151 4739 1545 4810 fimbriatum
1598 4738 2210 4834 radiato-rugosuS,
2261 4762 2390 4809 nec
2442 4730 2841 4807 Stereorum
2893 4760 3080 4806 more
3134 4746 3431 4807 zonatus.
3534 4731 3685 4834 Hy-

651 4859 934 4930 menium
998 4856 1302 4943 inferum,
1353 4857 1723 4929 induratum
1783 4852 1894 4928 aut
1943 4880 2285 4955 rugosum.
2388 4851 2616 4927 Affine
2667 4852 3099 4927 Cladoderri!

568 5003 600 5034 ⁹
654 5002 786 5076 Tu.
834 5023 1474 5077 ANTHOCEPRALA.
1580 4999 1818 5100 Epicr.
1871 5025 1941 5100 p.
1993 4998 2160 5074 535.

748 5120 1010 5193 Raram
1060 5117 1245 5192 hanc
1295 5117 1618 5219 speciem
1672 5143 1715 5193 e
1770 5117 2104 5194 Carolina
2153 5117 2343 5195 misit
2394 5117 2572 5192 Rev.
2632 5115 2905 5203 Cur-tis,
2959 5116 3397 5214 Europaeae
3448 5108 3682 5185 mino-

649 5263 801 5313 rem
860 5237 1265 5338 minusque,
1297 5235 1617 5311 divisam.
