4984 6517
3432 586 3545 675 25

617 802 903 891 culatus,
963 801 1244 877 albidus.
1348 802 1581 878 Pileus
1633 801 1880 889 tenuis,
1929 802 2179 890 mollis,
2233 805 2310 903 22}
2362 829 2515 876 unc.
2570 816 2638 877 et
2683 803 2854 882 ultra
2911 803 3082 876 latus
3100 859 3117 889 ,
3190 803 3459 877 demum
3508 806 3655 904 pla-

617 949 758 995 nus.
859 918 1204 996 Lamellae
1255 924 1455 1022 plane
1507 924 1787 1008 liberae,
1861 933 1929 993 at
1981 924 2162 996 nullo
2224 924 2497 998 collario
2575 934 2906 1009 remotae,
2978 921 3184 994 multo
3261 925 3474 1022 magis
3529 950 3652 995 nu-

618 1067 923 1115 merosae
976 1054 1046 1114 et
1088 1041 1461 1127 consertae,
1513 1067 1713 1140 quam
1766 1044 1829 1113 in
1865 1039 2408 1141 campestribus
2476 1040 2895 1141 Europaeis,
2944 1042 3012 1112 in
3064 1042 3261 1113 siccis
3315 1041 3538 1114 aridae
3590 1054 3658 1114 et

613 1172 813 1232 atrae.
917 1156 1230 1232 Annulus
1285 1160 1662 1258 completus
1713 1161 1779 1230 in
1838 1161 2084 1232 nostris
2154 1187 2383 1259 specc.
2457 1159 2669 1234 deest.
2799 1154 3044 1232 Plures
3122 1185 3340 1233 novos
3427 1159 3655 1234 affines

618 1290 1190 1377 extraeuropaeos
1244 1276 1605 1376 descripsit
1654 1276 2002 1374 Berkeley.
2667 1267 2673 1287 '
3440 1260 3448 1268 ’

1179 1463 1591 1549 ΡηοεΛοΕ,
1627 1485 1714 1534 ιῐι.
1771 1458 1978 1562 subg.
2043 1483 2088 1534 e
2153 1459 2347 1534 serie
2398 1457 2899 1533 Pratellorum.

713 1602 1379 1704 Hy‘menophorum
1452 1631 1496 1679 a
1552 1604 1800 1706 stipite
1868 1606 2279 1683 discretum.
2399 1609 2764 1684 Lamellae
2827 1607 3103 1683 liberae
3173 1613 3247 1680 et
3306 1605 3380 1681 in
3431 1607 3663 1709 prima

609 1722 843 1797 saltim
894 1723 1144 1823 specie
1224 1723 1558 1812 collario,
1641 1725 1866 1800 instar
1929 1727 2023 1800 A.
2091 1727 2416 1826 proceri,
2503 1754 2547 1802 a
2616 1728 2851 1829 stipite
2914 1732 3262 1803 remotae.
3393 1726 3660 1802 Velum

613 1841 908 1916 nullum.
1018 1841 1359 1942 Sporidia
1426 1842 1651 1917 fusca.
1780 1846 2197 1920 Proximum
2278 1850 2670 1933 Psalliotis,
2755 1865 2841 1922 at
2909 1848 3212 1921 annulus
3267 1847 3530 1932 nullm,
3583 1852 3663 1919 ut

617 1959 853 2034 Plutei
963 1961 1344 2036 Volvariis.
1500 1962 1625 2037 Ad
1702 1959 1848 2037 hoc
1921 1963 2296 2067 subgenus
2374 1964 2675 2065 iusuper
2747 1965 3108 2065 pertinent
3191 1963 3280 2037 Α.
3347 1963 3663 2037 Phoenix·

614 2077 856 2179 Epicr.
914 2104 985 2179 p.
1040 2087 1197 2166 225,
1279 2081 1368 2154 A.
1420 2083 1779 2157 exaltatus
1829 2082 2045 2157 Berk.
2103 2084 2305 2157 Ceut.
2360 2084 2480 2157 111.
2543 2090 2686 2157 294.

439 2228 515 2294 Ιῢ.
615 2221 765 2294 Ao.
825 2219 1269 2319 (Pmosacn)
1321 2243 1850 2308 rmcnoum,
1927 2221 2122 2321 pileo
2189 2246 2505 2296 carnoso
2564 2245 3277 2321 convexo-expanso
3357 2218 3656 2306 obtuso,

611 2350 783 2411 cute
830 2335 903 2411 in
955 2363 1293 2438 squamas
1341 2338 1614 2439 pilosas
1661 2337 2028 2413 confertas
2082 2337 2582 2415 fuscescentes
2648 2340 3076 2425 secedente,
3158 2335 3395 2438 stipite
3447 2337 3661 2412 firmo

606 2454 815 2529 nudo
868 2455 1278 2538 rufescente
1323 2457 1530 2557 apice
1581 2457 1910 2545 dilatato,
1963 2457 2268 2533 lamellis
2317 2457 2569 2533 liberis
2624 2457 2922 2533 collario
2971 2455 3272 2530 remotis
3319 2456 3663 2532 confertis

607 2571 994 2674 fuligineis,

717 2675 800 2748 In
854 2683 1049 2750 terra
1095 2675 1432 2750 fimetosa
1476 2677 1616 2751 InS.
1673 2677 1773 2752 St.
1828 2674 2178 2751 Thomae.
2289 2681 2386 2752 Ic.
2435 2706 2503 2749 n.
2552 2687 2661 2752 20.

719 2815 1098 2919 Speciosus
1149 2820 1433 2920 fungus,
1483 2819 1826 2897 Psalliotis
1857 2823 2101 2912 affinis,
2155 2823 2281 2898 sed
2307 2826 2569 2922 absque
2619 2822 2751 2895 veli
2801 2821 3107 2920 vestigio.
3213 2818 3449 2921 Stipes
3486 2828 3668 2895 5-6

616 2963 772 3010 unc.
821 2940 1096 3038 longus,
1145 2945 1328 3013 3-4
1378 2942 1484 3014 lin.
1542 2968 1845 3031 crassus,
1897 2942 2230 3042 aequalis,
2283 2942 2538 3028 fissilis,
2587 2939 2842 3026 nudUS,
2897 2940 3495 3037 gilvo-rul'escens,
3526 2943 3670 3040 api—

614 3083 700 3129 ce
744 3059 809 3130 in
861 3057 1133 3146 orbem,
1184 3086 1223 3132 a
1274 3085 1476 3132 carne
1531 3061 1689 3159 pilei
1756 3062 2190 3135 secedentem
2245 3072 2315 3133 et
2365 3059 2707 3132 collarium
2783 3061 3256 3158 praebentem,
3343 3058 3667 3133 dilatatus.

616 3172 852 3249 Pileus
875 3223 879 3227 -
903 3175 1166 3263 firmus,
1218 3190 1285 3249 at
1328 3202 1463 3251 non
1518 3193 1913 3279 compactus
1935 3238 1952 3268 ,
2003 3178 2289 3252 molliter
2340 3204 2724 3264 convexus,
2802 3179 3118 3263 obtusus,
3170 3182 3211 3249 4
3261 3204 3413 3251 unc.
3468 3177 3670 3265 latus,

619 3294 914 3380 albidus,
975 3299 1272 3395 squamis
1321 3299 1557 3396 pilosis
1607 3299 2405 3397 nigricanti-variegatus,
2451 3310 2528 3369 ut
2577 3299 2644 3369 in
2691 3292 2982 3368 Lentino
3036 3296 3295 3394 tigrino.
3397 3292 3669 3369 Lamel-

621 3414 726 3487 lae
767 3425 1125 3512 angustae,
1178 3441 1263 3488 ex
1312 3417 1509 3489 icone
1564 3415 2277 3515 olivaceo-fuligineae.

423 3560 511 3624 Π.
617 3555 772 3630 Ac.
826 3557 1269 3657 (Paosacn)
1313 3580 1770 3646 Romulus,
1824 3558 2021 3660 pileo
2072 3583 2385 3634 carnoso
2445 3562 2790 3632 convexo
2847 3555 3113 3631 obtuso
3173 3556 3453 3644 albido,
3505 3564 3671 3631 cute

618 3672 695 3746 in
742 3695 1081 3773 squamas
1132 3700 1419 3774 sparsas
1479 3675 1864 3777 adpressas
1927 3676 2216 3778 glabras
2302 3674 2741 3751 concolores
2822 3675 3219 3751 secedente
3238 3735 3255 3762 ‚
3342 3675 3579 3776 stipite
3628 3701 3673 3750 e

618 3790 778 3865 basi
829 3791 1143 3867 bulbosa
1190 3794 1475 3894 aequali
1522 3794 1722 3869 nudo
1775 3793 2057 3881 albido,
2104 3788 2407 3869 lamellis
2458 3793 2713 3869 liberis
2765 3792 3005 3868 fuscis.

715 3934 799 4007 In
859 3935 1080 4009 Costa
1135 3935 1315 4011 Rica
1365 3936 1458 4011 ad
1512 3945 1800 4012 terram.
1907 3939 2004 4010 Ic.
2060 3965 2128 4009 n.
2175 3932 2286 4012 28.

722 4078 960 4178 Stipes
1013 4083 1344 4180 aequaIiS‚
1397 4096 1464 4156 at
1513 4086 1659 4157 basi
1711 4086 1777 4156 in
1824 4084 2104 4157 bulbum
2158 4086 2451 4172 inflatus,
2504 4092 2545 4155 2
2593 4109 2742 4186 unc.
2778 4083 3056 4182 longus,
3108 4091 3291 4158 2—3
3343 4086 3450 4158 lin.
3491 4112 3672 4159 cras-

624 4226 777 4285 sus,
832 4198 1178 4272 candidus.
1281 4199 1516 4274 Pileus
1571 4202 1832 4289 firmus,
1883 4212 1924 4274 2
1976 4229 2126 4275 unc.
2183 4215 2250 4276 et
2296 4205 2464 4276 ultra
2517 4202 2720 4288 latuS,
2775 4215 2929 4276 cute
2980 4205 3045 4276 iu
3104 4206 3357 4278 vertice
3430 4231 3676 4302 granu-

624 4316 807 4400 losa,
862 4330 1162 4390 ceterum
1208 4320 1274 4390 in
1328 4345 1643 4418 squamas
1702 4321 2066 4421 adpressas
2122 4322 2469 4395 laceratus.
2573 4318 2914 4395 Lamellas
2965 4325 3088 4396 rite
3133 4325 3511 4396 examinare
3542 4349 3678 4396 non

626 4435 837 4522 licuit,
885 4437 1040 4510 hinc
1093 4439 1431 4510 nescimus
1486 4464 1567 4510 an
1622 4439 1893 4512 collario
1953 4466 1989 4511 a
2035 4441 2258 4538 stipite
2281 4452 2585 4514 remotae
2616 4444 2746 4513 sint
2795 4453 2872 4512 ut·
2913 4442 3005 4513 in·
3031 4440 3486 4539 praecedente
3509 4498 3528 4529 ,
3572 4444 3679 4514 cui

572 4612 576 4617 .
628 4555 978 4629 manifeste
1031 4555 1264 4628 affinis.

435 4704 515 4768 13.
624 4694 778 4769 Ac.
848 4697 1340 4797 (PsmocYnE)
1409 4697 1950 4774 Amanium.
2052 4696 2291 4798 Epicr.
2350 4724 2418 4799 p.
2490 4707 2632 4773 225.
2736 4699 2908 4774 Var.
2962 4700 3394 4801 praelonga,
3479 4699 3674 4800 pileo

622 4813 843 4989 berni
895 4923 1162 4990 terram
1213 4915 1492 4992 insulae
1546 4918 1644 4992 St.
1703 4915 1975 4990 Crucis.
2041 4908 2226 4996 O'rst.
2274 4932 2358 4994 ic.
2414 4948 2479 4991 n.
2528 4929 2639 4993 22.

723 5054 994 5129 Statura
1066 5057 1156 5131 A.
1230 5060 1537 5132 radicati
1586 5060 2088 5158 gracilescentis
2164 5076 2234 5136 et
2277 5062 2591 5160 elongati.
2732 5057 2969 5159 Stipes
3036 5061 3205 5135 ultra
3288 5061 3681 5162 spithamam

633 5173 910 5276 longus,
961 5177 1109 5250 basi
1164 5183 1379 5265 3-4,
1434 5178 1627 5277 apice
1683 5187 1733 5250 92—
1781 5178 1887 5251 lin.
1941 5206 2247 5269 crassus,
2300 5193 2710 5268 attenuatus,
2764 5181 3049 5253 striatus.
3154 5177 3389 5255 Pileus
3444 5207 3682 5254 carno-

3357 5348 3359 5351 ·
3426 5321 3467 5388 4
