<?xml version="1.0" encoding="UTF-8"?>
<!DOCTYPE html PUBLIC "-//W3C//DTD XHTML 1.0 Transitional//EN"
    "http://www.w3.org/TR/xhtml1/DTD/xhtml1-transitional.dtd">
<html xmlns="http://www.w3.org/1999/xhtml" xml:lang="en" lang="en">
 <head>
  <title>
</title>
<meta http-equiv="Content-Type" content="text/html;charset=utf-8" />
  <meta name='ocr-system' content='tesseract 3.04.00' />
  <meta name='ocr-capabilities' content='ocr_page ocr_carea ocr_par ocr_line ocrx_word'/>
</head>
<body>
  <div class='ocr_page' id='page_1' title='image "./novaactaregiaes00uppsgoog_0139.png"; bbox 0 0 4984 6517; ppageno 0'>
   <div class='ocr_carea' id='block_1_1' title="bbox 3460 559 3629 652">
    <p class='ocr_par' dir='ltr' id='par_1_1' title="bbox 3460 559 3629 652">
     <span class='ocr_line' id='line_1_1' title="bbox 3460 559 3629 652; baseline 0 -2"><span class='ocrx_word' id='word_1_1' title='bbox 3460 559 3629 652; x_wconf 79' lang='lat'>123</span> 
     </span>
    </p>
   </div>
   <div class='ocr_carea' id='block_1_2' title="bbox 685 773 3782 1823">
    <p class='ocr_par' dir='ltr' id='par_1_2' title="bbox 685 773 3782 1823">
     <span class='ocr_line' id='line_1_2' title="bbox 693 773 3736 875; baseline 0.003 -29"><span class='ocrx_word' id='word_1_2' title='bbox 693 782 824 846; x_wconf 86' lang='lat' dir='ltr'>etc.</span> <span class='ocrx_word' id='word_1_3' title='bbox 884 812 981 826; x_wconf 92' lang='lat'><strong>—</strong></span> <span class='ocrx_word' id='word_1_4' title='bbox 1038 782 1110 846; x_wconf 88' lang='lat' dir='ltr'>et</span> <span class='ocrx_word' id='word_1_5' title='bbox 1154 773 1388 871; x_wconf 85' lang='lat' dir='ltr'>negari</span> <span class='ocrx_word' id='word_1_6' title='bbox 1438 783 1660 847; x_wconf 87' lang='lat' dir='ltr'>tamen</span> <span class='ocrx_word' id='word_1_7' title='bbox 1714 774 1979 874; x_wconf 85' lang='lat' dir='ltr'>nequit,</span> <span class='ocrx_word' id='word_1_8' title='bbox 2053 774 2216 848; x_wconf 78' lang='lat' dir='ltr'>illas</span> <span class='ocrx_word' id='word_1_9' title='bbox 2271 774 2553 848; x_wconf 76' lang='lat' dir='ltr'>eandem</span> <span class='ocrx_word' id='word_1_10' title='bbox 2630 781 2871 848; x_wconf 74' lang='lat' dir='ltr'>sistere</span> <span class='ocrx_word' id='word_1_11' title='bbox 2943 784 3250 875; x_wconf 76' lang='lat' dir='ltr'>speciem.</span> <span class='ocrx_word' id='word_1_12' title='bbox 3354 773 3553 853; x_wconf 88' lang='lat' dir='ltr'>Haec</span> <span class='ocrx_word' id='word_1_13' title='bbox 3603 778 3736 856; x_wconf 86' lang='lat' dir='ltr'>sre-</span> 
     </span>
     <span class='ocr_line' id='line_1_3' title="bbox 698 889 3737 999; baseline 0.004 -38"><span class='ocrx_word' id='word_1_14' title='bbox 698 914 916 988; x_wconf 86' lang='lat' dir='ltr'>queus</span> <span class='ocrx_word' id='word_1_15' title='bbox 978 901 1086 965; x_wconf 87' lang='lat' dir='ltr'>est</span> <span class='ocrx_word' id='word_1_16' title='bbox 1153 893 1320 964; x_wconf 86' lang='lat' dir='ltr'>ratio</span> <span class='ocrx_word' id='word_1_17' title='bbox 1392 892 1565 964; x_wconf 89' lang='lat' dir='ltr'>inter</span> <span class='ocrx_word' id='word_1_18' title='bbox 1646 889 2207 993; x_wconf 75' lang='lat' dir='ltr'>Cryptomycetes</span> <span class='ocrx_word' id='word_1_19' title='bbox 2257 896 2365 991; x_wconf 86' lang='lat'>(=</span> <span class='ocrx_word' id='word_1_20' title='bbox 2408 890 2994 994; x_wconf 84' lang='lat' dir='ltr'>Gymnomycetes</span> <span class='ocrx_word' id='word_1_21' title='bbox 3052 906 3122 968; x_wconf 90' lang='lat' dir='ltr'>et</span> <span class='ocrx_word' id='word_1_22' title='bbox 3164 892 3737 999; x_wconf 84' lang='lat' dir='ltr'>Haplomycetes,</span> 
     </span>
     <span class='ocr_line' id='line_1_4' title="bbox 691 1005 3782 1114; baseline 0.004 -34"><span class='ocrx_word' id='word_1_23' title='bbox 691 1006 916 1081; x_wconf 87' lang='lat' dir='ltr'>addita</span> <span class='ocrx_word' id='word_1_24' title='bbox 940 1005 1563 1110; x_wconf 83' lang='lat' dir='ltr'>Pyrenomycetum</span> <span class='ocrx_word' id='word_1_25' title='bbox 1592 1012 1768 1084; x_wconf 90' lang='lat' dir='ltr'>serie</span> <span class='ocrx_word' id='word_1_26' title='bbox 1791 1010 2117 1112; x_wconf 85' lang='lat' dir='ltr'>inferiori)</span> <span class='ocrx_word' id='word_1_27' title='bbox 2147 1056 2241 1068; x_wconf 95' lang='lat'>-—</span> <span class='ocrx_word' id='word_1_28' title='bbox 2274 1023 2344 1086; x_wconf 90' lang='lat' dir='ltr'>et</span> <span class='ocrx_word' id='word_1_29' title='bbox 2365 1012 2539 1085; x_wconf 89' lang='lat' dir='ltr'>inter</span> <span class='ocrx_word' id='word_1_30' title='bbox 2588 1008 2929 1085; x_wconf 87' lang='lat' dir='ltr'>Lichenes</span> <span class='ocrx_word' id='word_1_31' title='bbox 2981 1024 3052 1086; x_wconf 92' lang='lat' dir='ltr'>et</span> <span class='ocrx_word' id='word_1_32' title='bbox 3095 1011 3414 1114; x_wconf 86' lang='lat' dir='ltr'>Phyceas</span> <span class='ocrx_word' id='word_1_33' title='bbox 3464 1019 3735 1093; x_wconf 87' lang='lat' dir='ltr'>notissi-</span> <span class='ocrx_word' id='word_1_34' title='bbox 3760 1019 3782 1109; x_wconf 50' lang='lat'>⁵.</span> 
     </span>
     <span class='ocr_line' id='line_1_5' title="bbox 693 1126 3736 1230; baseline 0.003 -30"><span class='ocrx_word' id='word_1_35' title='bbox 693 1153 877 1200; x_wconf 89' lang='lat' dir='ltr'>mum</span> <span class='ocrx_word' id='word_1_36' title='bbox 937 1138 1073 1215; x_wconf 89' lang='lat' dir='ltr'>est,</span> <span class='ocrx_word' id='word_1_37' title='bbox 1149 1128 1216 1200; x_wconf 91' lang='lat' dir='ltr'>in</span> <span class='ocrx_word' id='word_1_38' title='bbox 1266 1126 1505 1201; x_wconf 89' lang='lat' dir='ltr'>eadem</span> <span class='ocrx_word' id='word_1_39' title='bbox 1563 1130 1796 1228; x_wconf 88' lang='lat' dir='ltr'>specie</span> <span class='ocrx_word' id='word_1_40' title='bbox 1857 1129 2195 1230; x_wconf 82' lang='lat' dir='ltr'>duplicem</span> <span class='ocrx_word' id='word_1_41' title='bbox 2232 1131 2343 1204; x_wconf 88' lang='lat' dir='ltr'>vel</span> <span class='ocrx_word' id='word_1_42' title='bbox 2411 1129 2739 1229; x_wconf 82' lang='lat' dir='ltr'>triplicem</span> <span class='ocrx_word' id='word_1_43' title='bbox 2793 1131 3082 1205; x_wconf 76' lang='lat' dir='ltr'>existere</span> <span class='ocrx_word' id='word_1_44' title='bbox 3133 1131 3736 1210; x_wconf 82' lang='lat' dir='ltr'>fructificationem!</span> 
     </span>
     <span class='ocr_line' id='line_1_6' title="bbox 691 1242 3734 1355; baseline 0.003 -36"><span class='ocrx_word' id='word_1_45' title='bbox 691 1242 875 1320; x_wconf 87' lang='lat' dir='ltr'>Inter</span> <span class='ocrx_word' id='word_1_46' title='bbox 924 1244 1047 1319; x_wconf 88' lang='lat' dir='ltr'>has</span> <span class='ocrx_word' id='word_1_47' title='bbox 1090 1271 1256 1320; x_wconf 92' lang='lat' dir='ltr'>vero</span> <span class='ocrx_word' id='word_1_48' title='bbox 1303 1245 1505 1317; x_wconf 87' lang='lat' dir='ltr'>thallo</span> <span class='ocrx_word' id='word_1_49' title='bbox 1557 1246 1885 1319; x_wconf 83' lang='lat' dir='ltr'>conformi</span> <span class='ocrx_word' id='word_1_50' title='bbox 1929 1247 2184 1321; x_wconf 80' lang='lat' dir='ltr'>facilius</span> <span class='ocrx_word' id='word_1_51' title='bbox 2236 1252 2601 1347; x_wconf 86' lang='lat' dir='ltr'>junguntur</span> <span class='ocrx_word' id='word_1_52' title='bbox 2669 1275 2867 1348; x_wconf 91' lang='lat' dir='ltr'>quam</span> <span class='ocrx_word' id='word_1_53' title='bbox 2919 1251 3091 1323; x_wconf 86' lang='lat' dir='ltr'>inter</span> <span class='ocrx_word' id='word_1_54' title='bbox 3130 1247 3734 1355; x_wconf 82' lang='lat' dir='ltr'>Cryptomycetes,</span> 
     </span>
     <span class='ocr_line' id='line_1_7' title="bbox 688 1366 3733 1470; baseline 0.004 -33"><span class='ocrx_word' id='word_1_55' title='bbox 688 1370 862 1438; x_wconf 89' lang='lat' dir='ltr'>inter</span> <span class='ocrx_word' id='word_1_56' title='bbox 911 1392 1086 1465; x_wconf 91' lang='lat' dir='ltr'>quos</span> <span class='ocrx_word' id='word_1_57' title='bbox 1144 1378 1479 1464; x_wconf 90' lang='lat' dir='ltr'>tamquam</span> <span class='ocrx_word' id='word_1_58' title='bbox 1534 1377 1934 1440; x_wconf 90' lang='lat' dir='ltr'>autonomae</span> <span class='ocrx_word' id='word_1_59' title='bbox 1985 1366 2253 1466; x_wconf 90' lang='lat' dir='ltr'>plantae</span> <span class='ocrx_word' id='word_1_60' title='bbox 2302 1366 2511 1465; x_wconf 89' lang='lat' dir='ltr'>vulgo</span> <span class='ocrx_word' id='word_1_61' title='bbox 2561 1370 2630 1440; x_wconf 88' lang='lat' dir='ltr'>in</span> <span class='ocrx_word' id='word_1_62' title='bbox 2681 1367 2990 1442; x_wconf 90' lang='lat' dir='ltr'>diversos</span> <span class='ocrx_word' id='word_1_63' title='bbox 3043 1369 3313 1443; x_wconf 83' lang='lat' dir='ltr'>ordines</span> <span class='ocrx_word' id='word_1_64' title='bbox 3367 1383 3436 1444; x_wconf 90' lang='lat' dir='ltr'>et</span> <span class='ocrx_word' id='word_1_65' title='bbox 3481 1399 3733 1470; x_wconf 89' lang='lat' dir='ltr'>genera</span> 
     </span>
     <span class='ocr_line' id='line_1_8' title="bbox 688 1480 3735 1588; baseline 0.003 -32"><span class='ocrx_word' id='word_1_66' title='bbox 688 1495 1101 1583; x_wconf 80' lang='lat' dir='ltr'>separantur.</span> <span class='ocrx_word' id='word_1_67' title='bbox 1205 1480 1387 1556; x_wconf 91' lang='lat' dir='ltr'>Hinc</span> <span class='ocrx_word' id='word_1_68' title='bbox 1435 1510 1572 1557; x_wconf 91' lang='lat' dir='ltr'>non</span> <span class='ocrx_word' id='word_1_69' title='bbox 1646 1485 1979 1558; x_wconf 83' lang='lat' dir='ltr'>sufficiunt</span> <span class='ocrx_word' id='word_1_70' title='bbox 2031 1487 2143 1559; x_wconf 86' lang='lat' dir='ltr'>vel</span> <span class='ocrx_word' id='word_1_71' title='bbox 2193 1487 2731 1559; x_wconf 86' lang='lat' dir='ltr'>accuratissimae</span> <span class='ocrx_word' id='word_1_72' title='bbox 2783 1487 3126 1588; x_wconf 87' lang='lat' dir='ltr'>analyses,</span> <span class='ocrx_word' id='word_1_73' title='bbox 3180 1487 3304 1562; x_wconf 91' lang='lat' dir='ltr'>sed</span> <span class='ocrx_word' id='word_1_74' title='bbox 3352 1492 3565 1588; x_wconf 89' lang='lat' dir='ltr'>magis</span> <span class='ocrx_word' id='word_1_75' title='bbox 3609 1518 3735 1565; x_wconf 88' lang='lat' dir='ltr'>ne·</span> 
     </span>
     <span class='ocr_line' id='line_1_9' title="bbox 689 1604 3734 1711; baseline 0.002 -37"><span class='ocrx_word' id='word_1_76' title='bbox 689 1604 1024 1676; x_wconf 88' lang='lat' dir='ltr'>cessariae</span> <span class='ocrx_word' id='word_1_77' title='bbox 1079 1616 1232 1676; x_wconf 89' lang='lat' dir='ltr'>sunt</span> <span class='ocrx_word' id='word_1_78' title='bbox 1274 1604 1786 1677; x_wconf 83' lang='lat' dir='ltr'>observationes</span> <span class='ocrx_word' id='word_1_79' title='bbox 1838 1605 1905 1677; x_wconf 89' lang='lat' dir='ltr'>in</span> <span class='ocrx_word' id='word_1_80' title='bbox 1954 1606 2398 1703; x_wconf 83' lang='lat' dir='ltr'>vegetationis</span> <span class='ocrx_word' id='word_1_81' title='bbox 2450 1605 2744 1677; x_wconf 87' lang='lat' dir='ltr'>rationes</span> <span class='ocrx_word' id='word_1_82' title='bbox 2797 1616 2866 1677; x_wconf 90' lang='lat' dir='ltr'>et</span> <span class='ocrx_word' id='word_1_83' title='bbox 2913 1607 3197 1679; x_wconf 82' lang='lat' dir='ltr'>maxime</span> <span class='ocrx_word' id='word_1_84' title='bbox 3244 1608 3518 1706; x_wconf 89' lang='lat' dir='ltr'>plenum</span> <span class='ocrx_word' id='word_1_85' title='bbox 3557 1608 3734 1711; x_wconf 83' lang='lat' dir='ltr'>phy-</span> 
     </span>
     <span class='ocr_line' id='line_1_10' title="bbox 685 1719 2901 1823; baseline 0 -28"><span class='ocrx_word' id='word_1_86' title='bbox 685 1721 1084 1820; x_wconf 91' lang='lat' dir='ltr'>siologicum</span> <span class='ocrx_word' id='word_1_87' title='bbox 1135 1719 1457 1811; x_wconf 92' lang='lat' dir='ltr'>studium,</span> <span class='ocrx_word' id='word_1_88' title='bbox 1510 1733 1586 1796; x_wconf 89' lang='lat' dir='ltr'>ut</span> <span class='ocrx_word' id='word_1_89' title='bbox 1633 1724 1919 1823; x_wconf 90' lang='lat' dir='ltr'>partium</span> <span class='ocrx_word' id='word_1_90' title='bbox 1971 1725 2246 1821; x_wconf 83' lang='lat' dir='ltr'>genesis</span> <span class='ocrx_word' id='word_1_91' title='bbox 2298 1724 2422 1796; x_wconf 88' lang='lat' dir='ltr'>rite</span> <span class='ocrx_word' id='word_1_92' title='bbox 2472 1724 2901 1822; x_wconf 87' lang='lat' dir='ltr'>percipiatur.</span> 
     </span>
    </p>
   </div>
   <div class='ocr_carea' id='block_1_3' title="bbox 493 1871 3296 2122">
    <p class='ocr_par' dir='ltr' id='par_1_3' title="bbox 493 1871 3296 2122">
     <span class='ocr_line' id='line_1_11' title="bbox 493 1871 3220 1976; baseline 0.001 -32"><span class='ocrx_word' id='word_1_93' title='bbox 493 1873 599 1947; x_wconf 76' lang='lat'>12.</span> <span class='ocrx_word' id='word_1_94' title='bbox 687 1872 1208 1952; x_wconf 71' lang='lat' dir='ltr'>Nnunozcnm</span> <span class='ocrx_word' id='word_1_95' title='bbox 1258 1874 1742 1953; x_wconf 65' lang='lat' dir='ltr'>Ducuntur.</span> <span class='ocrx_word' id='word_1_96' title='bbox 1846 1875 2149 1951; x_wconf 85' lang='lat' dir='ltr'>Kunze!</span> <span class='ocrx_word' id='word_1_97' title='bbox 2202 1875 2276 1950; x_wconf 90' lang='lat' dir='ltr'>in</span> <span class='ocrx_word' id='word_1_98' title='bbox 2325 1874 2446 1950; x_wconf 92' lang='lat' dir='ltr'>litt.</span> <span class='ocrx_word' id='word_1_99' title='bbox 2493 1873 2568 1949; x_wconf 93' lang='lat' dir='ltr'>S.</span> <span class='ocrx_word' id='word_1_100' title='bbox 2608 1875 2699 1950; x_wconf 93' lang='lat' dir='ltr'>V.</span> <span class='ocrx_word' id='word_1_101' title='bbox 2752 1873 2871 1949; x_wconf 90' lang='lat' dir='ltr'>Sc.</span> <span class='ocrx_word' id='word_1_102' title='bbox 2926 1900 2995 1976; x_wconf 89' lang='lat' dir='ltr'>p.</span> <span class='ocrx_word' id='word_1_103' title='bbox 3051 1871 3220 1949; x_wconf 87' lang='grc'><strong>370.</strong></span> 
     </span>
     <span class='ocr_line' id='line_1_12' title="bbox 788 2016 3296 2122; baseline -0.001 -29"><span class='ocrx_word' id='word_1_104' title='bbox 788 2019 874 2093; x_wconf 87' lang='lat' dir='ltr'>In</span> <span class='ocrx_word' id='word_1_105' title='bbox 921 2016 1113 2092; x_wconf 83' lang='lat' dir='ltr'>foliis</span> <span class='ocrx_word' id='word_1_106' title='bbox 1162 2017 1573 2122; x_wconf 86' lang='lat' dir='ltr'>Degueliae</span> <span class='ocrx_word' id='word_1_107' title='bbox 1629 2019 2043 2095; x_wconf 86' lang='lat' dir='ltr'>scandentis</span> <span class='ocrx_word' id='word_1_108' title='bbox 2093 2019 2167 2094; x_wconf 91' lang='lat' dir='ltr'>in</span> <span class='ocrx_word' id='word_1_109' title='bbox 2220 2017 2573 2094; x_wconf 85' lang='lat' dir='ltr'>America</span> <span class='ocrx_word' id='word_1_110' title='bbox 2619 2016 2962 2093; x_wconf 87' lang='lat' dir='ltr'>calidiori.</span> <span class='ocrx_word' id='word_1_111' title='bbox 3025 2020 3296 2092; x_wconf 74' lang='lat' dir='ltr'>Kunze.</span> 
     </span>
    </p>
   </div>
   <div class='ocr_carea' id='block_1_4' title="bbox 675 2163 3734 2978">
    <p class='ocr_par' dir='ltr' id='par_1_4' title="bbox 675 2163 3734 2978">
     <span class='ocr_line' id='line_1_13' title="bbox 784 2163 3732 2269; baseline -0.002 -28"><span class='ocrx_word' id='word_1_112' title='bbox 784 2165 1046 2242; x_wconf 91' lang='lat' dir='ltr'>Nobile</span> <span class='ocrx_word' id='word_1_113' title='bbox 1094 2166 1231 2240; x_wconf 90' lang='lat' dir='ltr'>hoc</span> <span class='ocrx_word' id='word_1_114' title='bbox 1293 2195 1510 2267; x_wconf 86' lang='lat' dir='ltr'>genus</span> <span class='ocrx_word' id='word_1_115' title='bbox 1583 2167 1790 2242; x_wconf 84' lang='lat' dir='ltr'>refert</span> <span class='ocrx_word' id='word_1_116' title='bbox 1851 2164 2248 2269; x_wconf 88' lang='lat' dir='ltr'>Hysterium</span> <span class='ocrx_word' id='word_1_117' title='bbox 2323 2166 2714 2254; x_wconf 83' lang='lat' dir='ltr'>maximum,</span> <span class='ocrx_word' id='word_1_118' title='bbox 2788 2168 3119 2253; x_wconf 86' lang='lat' dir='ltr'>innatum,</span> <span class='ocrx_word' id='word_1_119' title='bbox 3179 2163 3304 2238; x_wconf 90' lang='lat' dir='ltr'>sed</span> <span class='ocrx_word' id='word_1_120' title='bbox 3359 2165 3424 2236; x_wconf 88' lang='lat' dir='ltr'>in</span> <span class='ocrx_word' id='word_1_121' title='bbox 3481 2164 3732 2238; x_wconf 92' lang='lat' dir='ltr'>ambitu</span> 
     </span>
     <span class='ocr_line' id='line_1_14' title="bbox 675 2281 3731 2384; baseline -0.002 -25"><span class='ocrx_word' id='word_1_122' title='bbox 675 2286 912 2360; x_wconf 87' lang='lat' dir='ltr'>floccis</span> <span class='ocrx_word' id='word_1_123' title='bbox 959 2287 1312 2373; x_wconf 91' lang='lat' dir='ltr'>brevibus,</span> <span class='ocrx_word' id='word_1_124' title='bbox 1363 2283 1754 2361; x_wconf 88' lang='lat' dir='ltr'>Lembosae</span> <span class='ocrx_word' id='word_1_125' title='bbox 1802 2289 2044 2373; x_wconf 89' lang='lat' dir='ltr'>instar,</span> <span class='ocrx_word' id='word_1_126' title='bbox 2096 2287 2399 2384; x_wconf 85' lang='lat' dir='ltr'>cingitur.</span> <span class='ocrx_word' id='word_1_127' title='bbox 2505 2281 2584 2357; x_wconf 90' lang='lat' dir='ltr'>In</span> <span class='ocrx_word' id='word_1_128' title='bbox 2630 2295 2804 2357; x_wconf 86' lang='lat' dir='ltr'>statu</span> <span class='ocrx_word' id='word_1_129' title='bbox 2867 2287 3052 2358; x_wconf 91' lang='lat' dir='ltr'>sicco</span> <span class='ocrx_word' id='word_1_130' title='bbox 3108 2281 3548 2383; x_wconf 90' lang='lat' dir='ltr'>perithecium</span> <span class='ocrx_word' id='word_1_131' title='bbox 3600 2282 3731 2355; x_wconf 80' lang='lat' dir='ltr'>late</span> 
     </span>
     <span class='ocr_line' id='line_1_15' title="bbox 686 2401 3730 2503; baseline -0.001 -26"><span class='ocrx_word' id='word_1_132' title='bbox 686 2403 855 2493; x_wconf 84' lang='lat' dir='ltr'>hiat,</span> <span class='ocrx_word' id='word_1_133' title='bbox 906 2401 1031 2477; x_wconf 91' lang='lat' dir='ltr'>sed</span> <span class='ocrx_word' id='word_1_134' title='bbox 1083 2405 1423 2503; x_wconf 88' lang='lat' dir='ltr'>irrigatum</span> <span class='ocrx_word' id='word_1_135' title='bbox 1478 2405 1727 2478; x_wconf 89' lang='lat' dir='ltr'>claudit</span> <span class='ocrx_word' id='word_1_136' title='bbox 1794 2405 1999 2479; x_wconf 87' lang='lat' dir='ltr'>labia!</span> <span class='ocrx_word' id='word_1_137' title='bbox 2077 2401 2504 2477; x_wconf 87' lang='lat' dir='ltr'>Structuram</span> <span class='ocrx_word' id='word_1_138' title='bbox 2574 2404 2762 2477; x_wconf 90' lang='lat' dir='ltr'>aliter</span> <span class='ocrx_word' id='word_1_139' title='bbox 2835 2429 3035 2502; x_wconf 91' lang='lat' dir='ltr'>quam</span> <span class='ocrx_word' id='word_1_140' title='bbox 3110 2403 3419 2475; x_wconf 89' lang='lat' dir='ltr'>inventor</span> <span class='ocrx_word' id='word_1_141' title='bbox 3489 2402 3730 2474; x_wconf 89' lang='lat' dir='ltr'>obser-</span> 
     </span>
     <span class='ocr_line' id='line_1_16' title="bbox 689 2519 3731 2622; baseline -0 -30"><span class='ocrx_word' id='word_1_142' title='bbox 689 2524 859 2595; x_wconf 84' lang='lat' dir='ltr'>vavi.</span> <span class='ocrx_word' id='word_1_143' title='bbox 960 2519 1039 2595; x_wconf 92' lang='lat' dir='ltr'>In</span> <span class='ocrx_word' id='word_1_144' title='bbox 1098 2521 1407 2595; x_wconf 88' lang='lat' dir='ltr'>thalamio</span> <span class='ocrx_word' id='word_1_145' title='bbox 1461 2550 1715 2611; x_wconf 91' lang='lat' dir='ltr'>crasso,</span> <span class='ocrx_word' id='word_1_146' title='bbox 1770 2522 2367 2597; x_wconf 88' lang='lat' dir='ltr'>fibroso·floccoso</span> <span class='ocrx_word' id='word_1_147' title='bbox 2424 2523 2872 2596; x_wconf 89' lang='lat' dir='ltr'>observantur</span> <span class='ocrx_word' id='word_1_148' title='bbox 2923 2546 3171 2622; x_wconf 86' lang='lat' dir='ltr'>sporae</span> <span class='ocrx_word' id='word_1_149' title='bbox 3221 2545 3537 2617; x_wconf 88' lang='lat' dir='ltr'>magnae,</span> <span class='ocrx_word' id='word_1_150' title='bbox 3591 2519 3731 2592; x_wconf 88' lang='lat' dir='ltr'>elli-</span> 
     </span>
     <span class='ocr_line' id='line_1_17' title="bbox 693 2639 3734 2741; baseline -0 -30"><span class='ocrx_word' id='word_1_151' title='bbox 693 2642 948 2741; x_wconf 86' lang='lat' dir='ltr'>pticae,</span> <span class='ocrx_word' id='word_1_152' title='bbox 1013 2643 1367 2715; x_wconf 87' lang='lat' dir='ltr'>continuae</span> <span class='ocrx_word' id='word_1_153' title='bbox 1425 2643 1584 2737; x_wconf 90' lang='lat' dir='ltr'>(nec</span> <span class='ocrx_word' id='word_1_154' title='bbox 1644 2643 2010 2741; x_wconf 84' lang='lat' dir='ltr'>septatae)‚</span> <span class='ocrx_word' id='word_1_155' title='bbox 2074 2640 2369 2714; x_wconf 89' lang='lat' dir='ltr'>succinei</span> <span class='ocrx_word' id='word_1_156' title='bbox 2414 2640 2697 2728; x_wconf 91' lang='lat' dir='ltr'>coloris,</span> <span class='ocrx_word' id='word_1_157' title='bbox 2761 2639 3196 2714; x_wconf 81' lang='lat' dir='ltr'>fasciculatim</span> <span class='ocrx_word' id='word_1_158' title='bbox 3248 2650 3616 2738; x_wconf 90' lang='lat' dir='ltr'>congestae</span> <span class='ocrx_word' id='word_1_159' title='bbox 3665 2650 3734 2712; x_wconf 90' lang='lat' dir='ltr'>et</span> 
     </span>
     <span class='ocr_line' id='line_1_18' title="bbox 685 2758 3731 2860; baseline -0.001 -29"><span class='ocrx_word' id='word_1_160' title='bbox 685 2785 895 2858; x_wconf 88' lang='lat' dir='ltr'>saepe</span> <span class='ocrx_word' id='word_1_161' title='bbox 954 2761 1020 2831; x_wconf 86' lang='lat' dir='ltr'>in</span> <span class='ocrx_word' id='word_1_162' title='bbox 1090 2759 1316 2833; x_wconf 84' lang='lat' dir='ltr'>clavas</span> <span class='ocrx_word' id='word_1_163' title='bbox 1389 2759 1791 2860; x_wconf 83' lang='lat' dir='ltr'>dispositae,</span> <span class='ocrx_word' id='word_1_164' title='bbox 1866 2771 1937 2832; x_wconf 90' lang='lat' dir='ltr'>ut</span> <span class='ocrx_word' id='word_1_165' title='bbox 2015 2786 2303 2834; x_wconf 87' lang='lat' dir='ltr'>necesse</span> <span class='ocrx_word' id='word_1_166' title='bbox 2385 2758 2542 2831; x_wconf 89' lang='lat' dir='ltr'>mihi</span> <span class='ocrx_word' id='word_1_167' title='bbox 2620 2759 2926 2833; x_wconf 87' lang='lat' dir='ltr'>videatur</span> <span class='ocrx_word' id='word_1_168' title='bbox 3001 2785 3120 2835; x_wconf 86' lang='lat' dir='ltr'>eas</span> <span class='ocrx_word' id='word_1_169' title='bbox 3187 2759 3492 2858; x_wconf 87' lang='lat' dir='ltr'>primitus</span> <span class='ocrx_word' id='word_1_170' title='bbox 3562 2759 3731 2830; x_wconf 90' lang='lat' dir='ltr'>intra</span> 
     </span>
     <span class='ocr_line' id='line_1_19' title="bbox 679 2877 2511 2978; baseline 0.002 -31"><span class='ocrx_word' id='word_1_171' title='bbox 679 2903 912 2949; x_wconf 91' lang='lat' dir='ltr'>ascum</span> <span class='ocrx_word' id='word_1_172' title='bbox 961 2877 1289 2978; x_wconf 90' lang='lat' dir='ltr'>amplum,</span> <span class='ocrx_word' id='word_1_173' title='bbox 1346 2890 1413 2951; x_wconf 90' lang='lat' dir='ltr'>at</span> <span class='ocrx_word' id='word_1_174' title='bbox 1461 2880 1874 2965; x_wconf 90' lang='lat' dir='ltr'>resorbtum,</span> <span class='ocrx_word' id='word_1_175' title='bbox 1928 2906 2083 2953; x_wconf 88' lang='lat' dir='ltr'>esse</span> <span class='ocrx_word' id='word_1_176' title='bbox 2136 2890 2511 2978; x_wconf 86' lang='lat' dir='ltr'>generatas.</span> 
     </span>
    </p>
   </div>
   <div class='ocr_carea' id='block_1_5' title="bbox 489 3011 2377 3117">
    <p class='ocr_par' dir='ltr' id='par_1_5' title="bbox 489 3011 2377 3117">
     <span class='ocr_line' id='line_1_20' title="bbox 489 3011 2377 3117; baseline 0.002 -32"><span class='ocrx_word' id='word_1_177' title='bbox 489 3011 598 3086; x_wconf 88' lang='lat'>13.</span> <span class='ocrx_word' id='word_1_178' title='bbox 687 3012 1097 3090; x_wconf 70' lang='lat' dir='ltr'>Rnrnsm</span> <span class='ocrx_word' id='word_1_179' title='bbox 1146 3037 1540 3092; x_wconf 70' lang='lat' dir='ltr'>vanum.</span> <span class='ocrx_word' id='word_1_180' title='bbox 1650 3014 1722 3090; x_wconf 90' lang='lat' dir='ltr'>S.</span> <span class='ocrx_word' id='word_1_181' title='bbox 1778 3014 1878 3091; x_wconf 90' lang='lat' dir='ltr'>M.</span> <span class='ocrx_word' id='word_1_182' title='bbox 1935 3017 2021 3091; x_wconf 88' lang='lat' dir='ltr'>H.</span> <span class='ocrx_word' id='word_1_183' title='bbox 2077 3041 2146 3117; x_wconf 90' lang='lat' dir='ltr'>p.</span> <span class='ocrx_word' id='word_1_184' title='bbox 2207 3016 2377 3089; x_wconf 86' lang='grc'><strong>568.</strong></span> 
     </span>
    </p>
   </div>
   <div class='ocr_carea' id='block_1_6' title="bbox 484 3156 3732 3762">
    <p class='ocr_par' dir='ltr' id='par_1_6' title="bbox 677 3156 3732 3619">
     <span class='ocr_line' id='line_1_21' title="bbox 788 3156 3732 3265; baseline -0.001 -29"><span class='ocrx_word' id='word_1_185' title='bbox 788 3159 868 3236; x_wconf 89' lang='lat' dir='ltr'>In</span> <span class='ocrx_word' id='word_1_186' title='bbox 914 3159 1190 3236; x_wconf 86' lang='lat' dir='ltr'>Ilicibus</span> <span class='ocrx_word' id='word_1_187' title='bbox 1242 3159 1684 3238; x_wconf 87' lang='lat' dir='ltr'>Americanis.</span> <span class='ocrx_word' id='word_1_188' title='bbox 1792 3161 2187 3265; x_wconf 87' lang='lat' dir='ltr'>Specimina</span> <span class='ocrx_word' id='word_1_189' title='bbox 2263 3167 2330 3237; x_wconf 90' lang='lat' dir='ltr'>in</span> <span class='ocrx_word' id='word_1_190' title='bbox 2404 3162 2466 3236; x_wconf 91' lang='lat' dir='ltr'>I.</span> <span class='ocrx_word' id='word_1_191' title='bbox 2522 3187 2778 3262; x_wconf 81' lang='lat' dir='ltr'>opaca,</span> <span class='ocrx_word' id='word_1_192' title='bbox 2848 3185 2888 3233; x_wconf 85' lang='lat' dir='ltr'>a</span> <span class='ocrx_word' id='word_1_193' title='bbox 2959 3156 3137 3234; x_wconf 88' lang='lat' dir='ltr'>Rev.</span> <span class='ocrx_word' id='word_1_194' title='bbox 3198 3158 3443 3237; x_wconf 64' lang='lat' dir='ltr'>Curti-³</span> <span class='ocrx_word' id='word_1_195' title='bbox 3493 3163 3732 3249; x_wconf 88' lang='lat' dir='ltr'>missa,</span> 
     </span>
     <span class='ocr_line' id='line_1_22' title="bbox 678 3278 3730 3383; baseline -0 -29"><span class='ocrx_word' id='word_1_196' title='bbox 678 3278 1081 3354; x_wconf 88' lang='lat' dir='ltr'>Phacidium</span> <span class='ocrx_word' id='word_1_197' title='bbox 1127 3282 1168 3355; x_wconf 93' lang='lat' dir='ltr'>l.</span> <span class='ocrx_word' id='word_1_198' title='bbox 1219 3280 1650 3383; x_wconf 87' lang='lat' dir='ltr'>Hysterium,</span> <span class='ocrx_word' id='word_1_199' title='bbox 1723 3285 2070 3382; x_wconf 85' lang='lat' dir='ltr'>utriusque</span> <span class='ocrx_word' id='word_1_200' title='bbox 2124 3285 2300 3358; x_wconf 88' lang='lat' dir='ltr'>enim</span> <span class='ocrx_word' id='word_1_201' title='bbox 2374 3307 2567 3355; x_wconf 89' lang='lat' dir='ltr'>more</span> <span class='ocrx_word' id='word_1_202' title='bbox 2643 3279 3029 3367; x_wconf 85' lang='lat' dir='ltr'>dehiscunt,</span> <span class='ocrx_word' id='word_1_203' title='bbox 3097 3283 3327 3380; x_wconf 83' lang='lat' dir='ltr'>potius</span> <span class='ocrx_word' id='word_1_204' title='bbox 3417 3281 3730 3355; x_wconf 81' lang='lat' dir='ltr'>referunt.</span> 
     </span>
     <span class='ocr_line' id='line_1_23' title="bbox 677 3398 3732 3504; baseline 0.001 -32"><span class='ocrx_word' id='word_1_205' title='bbox 677 3398 886 3487; x_wconf 82' lang='lat' dir='ltr'>Asci,</span> <span class='ocrx_word' id='word_1_206' title='bbox 939 3401 1251 3474; x_wconf 85' lang='lat' dir='ltr'>immixtis</span> <span class='ocrx_word' id='word_1_207' title='bbox 1302 3401 1800 3504; x_wconf 82' lang='lat' dir='ltr'>paraphysibus</span> <span class='ocrx_word' id='word_1_208' title='bbox 1858 3403 2192 3503; x_wconf 85' lang='lat' dir='ltr'>copiosis,</span> <span class='ocrx_word' id='word_1_209' title='bbox 2245 3411 2321 3475; x_wconf 82' lang='lat' dir='ltr'>in</span> <span class='ocrx_word' id='word_1_210' title='bbox 2375 3401 2598 3500; x_wconf 76' lang='lat' dir='ltr'>foliis</span> <span class='ocrx_word' id='word_1_211' title='bbox 2653 3409 2822 3474; x_wconf 77' lang='lat' dir='ltr'>vivis</span> <span class='ocrx_word' id='word_1_212' title='bbox 2837 3402 2864 3473; x_wconf 90' lang='lat'><em>!</em></span> <span class='ocrx_word' id='word_1_213' title='bbox 2932 3401 3067 3496; x_wconf 87' lang='lat' dir='ltr'>jam</span> <span class='ocrx_word' id='word_1_214' title='bbox 3120 3399 3300 3475; x_wconf 86' lang='lat' dir='ltr'>bene</span> <span class='ocrx_word' id='word_1_215' title='bbox 3386 3400 3732 3501; x_wconf 82' lang='lat' dir='ltr'>explicati.</span> 
     </span>
     <span class='ocr_line' id='line_1_24' title="bbox 682 3519 1832 3619; baseline 0.003 -28"><span class='ocrx_word' id='word_1_216' title='bbox 682 3521 907 3619; x_wconf 87' lang='lat' dir='ltr'>sporis</span> <span class='ocrx_word' id='word_1_217' title='bbox 967 3519 1408 3618; x_wconf 85' lang='lat' dir='ltr'>subglobosis</span> <span class='ocrx_word' id='word_1_218' title='bbox 1459 3519 1832 3619; x_wconf 87' lang='lat' dir='ltr'>pellucidis.</span> 
     </span>
    </p>

    <p class='ocr_par' dir='ltr' id='par_1_7' title="bbox 484 3658 2549 3762">
     <span class='ocr_line' id='line_1_25' title="bbox 484 3658 2549 3762; baseline 0.001 -31"><span class='ocrx_word' id='word_1_219' title='bbox 484 3660 599 3734; x_wconf 75' lang='lat'>14.</span> <span class='ocrx_word' id='word_1_220' title='bbox 679 3659 1265 3739; x_wconf 67' lang='lat' dir='ltr'>Lmosrnom</span> <span class='ocrx_word' id='word_1_221' title='bbox 1314 3687 1720 3740; x_wconf 70' lang='lat' dir='ltr'>mnemon.</span> <span class='ocrx_word' id='word_1_222' title='bbox 1831 3663 1904 3739; x_wconf 91' lang='lat' dir='ltr'>S.</span> <span class='ocrx_word' id='word_1_223' title='bbox 1958 3660 2057 3737; x_wconf 88' lang='lat' dir='ltr'>M.</span> <span class='ocrx_word' id='word_1_224' title='bbox 2111 3661 2199 3738; x_wconf 84' lang='lat'>11.</span> <span class='ocrx_word' id='word_1_225' title='bbox 2252 3687 2321 3762; x_wconf 89' lang='lat' dir='ltr'>p.</span> <span class='ocrx_word' id='word_1_226' title='bbox 2376 3658 2549 3735; x_wconf 86' lang='grc'><strong>598.</strong></span> 
     </span>
    </p>
   </div>
   <div class='ocr_carea' id='block_1_7' title="bbox 679 3802 3730 4264">
    <p class='ocr_par' dir='ltr' id='par_1_8' title="bbox 679 3802 3730 4264">
     <span class='ocr_line' id='line_1_26' title="bbox 775 3802 3730 3908; baseline 0 -30"><span class='ocrx_word' id='word_1_227' title='bbox 775 3803 891 3879; x_wconf 79' lang='lat' dir='ltr'>Ex</span> <span class='ocrx_word' id='word_1_228' title='bbox 939 3806 1261 3883; x_wconf 88' lang='lat' dir='ltr'>America</span> <span class='ocrx_word' id='word_1_229' title='bbox 1308 3810 1599 3884; x_wconf 84' lang='lat' dir='ltr'>boreali!</span> <span class='ocrx_word' id='word_1_230' title='bbox 1678 3808 1928 3883; x_wconf 90' lang='lat' dir='ltr'>Iterum</span> <span class='ocrx_word' id='word_1_231' title='bbox 1986 3813 2362 3908; x_wconf 90' lang='lat' dir='ltr'>iterumque</span> <span class='ocrx_word' id='word_1_232' title='bbox 2415 3808 2813 3893; x_wconf 87' lang='lat' dir='ltr'>observem,</span> <span class='ocrx_word' id='word_1_233' title='bbox 2864 3830 2952 3878; x_wconf 85' lang='lat' dir='ltr'>ex</span> <span class='ocrx_word' id='word_1_234' title='bbox 3008 3802 3145 3878; x_wconf 92' lang='lat' dir='ltr'>hoc</span> <span class='ocrx_word' id='word_1_235' title='bbox 3194 3829 3448 3904; x_wconf 87' lang='lat' dir='ltr'>genere</span> <span class='ocrx_word' id='word_1_236' title='bbox 3501 3806 3730 3880; x_wconf 85' lang='lat' dir='ltr'>exclu-</span> 
     </span>
     <span class='ocr_line' id='line_1_27' title="bbox 682 3923 3729 4028; baseline 0 -31"><span class='ocrx_word' id='word_1_237' title='bbox 682 3923 940 3999; x_wconf 87' lang='lat' dir='ltr'>dendas</span> <span class='ocrx_word' id='word_1_238' title='bbox 1003 3954 1237 4002; x_wconf 90' lang='lat' dir='ltr'>omnes</span> <span class='ocrx_word' id='word_1_239' title='bbox 1290 3929 1587 4001; x_wconf 89' lang='lat' dir='ltr'>maculas</span> <span class='ocrx_word' id='word_1_240' title='bbox 1639 3931 1864 4028; x_wconf 88' lang='lat' dir='ltr'>nigras</span> <span class='ocrx_word' id='word_1_241' title='bbox 1912 3928 2209 4014; x_wconf 89' lang='lat' dir='ltr'>steriles,</span> <span class='ocrx_word' id='word_1_242' title='bbox 2262 3927 2509 4025; x_wconf 90' lang='lat' dir='ltr'>quibus</span> <span class='ocrx_word' id='word_1_243' title='bbox 2564 3934 3088 4024; x_wconf 89' lang='lat' dir='ltr'>conspurcatum</span> <span class='ocrx_word' id='word_1_244' title='bbox 3142 3934 3284 4010; x_wconf 79' lang='lat' dir='ltr'>est3</span> <span class='ocrx_word' id='word_1_245' title='bbox 3333 3951 3557 3995; x_wconf 76' lang='lat' dir='ltr'>omnes</span> <span class='ocrx_word' id='word_1_246' title='bbox 3609 3953 3729 3997; x_wconf 84' lang='lat' dir='ltr'>no-</span> 
     </span>
     <span class='ocr_line' id='line_1_28' title="bbox 679 4039 3728 4145; baseline 0.001 -31"><span class='ocrx_word' id='word_1_247' title='bbox 679 4059 871 4116; x_wconf 74' lang='lat' dir='ltr'>strae</span> <span class='ocrx_word' id='word_1_248' title='bbox 922 4047 1329 4142; x_wconf 57' lang='lat' dir='ltr'>cas-efferae,</span> <span class='ocrx_word' id='word_1_249' title='bbox 1410 4047 1774 4122; x_wconf 83' lang='lat' dir='ltr'>secedente</span> <span class='ocrx_word' id='word_1_250' title='bbox 1840 4048 2300 4145; x_wconf 87' lang='lat' dir='ltr'>integumento</span> <span class='ocrx_word' id='word_1_251' title='bbox 2360 4057 2543 4132; x_wconf 89' lang='lat' dir='ltr'>atro,</span> <span class='ocrx_word' id='word_1_252' title='bbox 2618 4045 2807 4116; x_wconf 89' lang='lat' dir='ltr'>visae</span> <span class='ocrx_word' id='word_1_253' title='bbox 2885 4053 3056 4115; x_wconf 87' lang='lat' dir='ltr'>suut.</span> <span class='ocrx_word' id='word_1_254' title='bbox 3182 4039 3355 4116; x_wconf 86' lang='lat' dir='ltr'>Asci</span> <span class='ocrx_word' id='word_1_255' title='bbox 3432 4042 3691 4118; x_wconf 88' lang='lat' dir='ltr'>reducti</span> <span class='ocrx_word' id='word_1_256' title='bbox 3711 4103 3728 4131; x_wconf 92' lang='lat'><strong><em>‚</em></strong></span> 
     </span>
     <span class='ocr_line' id='line_1_29' title="bbox 684 4162 3110 4264; baseline -0.001 -29"><span class='ocrx_word' id='word_1_257' title='bbox 684 4162 832 4236; x_wconf 89' lang='lat' dir='ltr'>basi</span> <span class='ocrx_word' id='word_1_258' title='bbox 882 4162 1032 4250; x_wconf 82' lang='lat' dir='ltr'>fixi,</span> <span class='ocrx_word' id='word_1_259' title='bbox 1079 4164 1287 4264; x_wconf 87' lang='lat' dir='ltr'>vulgo</span> <span class='ocrx_word' id='word_1_260' title='bbox 1341 4164 1638 4264; x_wconf 89' lang='lat' dir='ltr'>sporidia</span> <span class='ocrx_word' id='word_1_261' title='bbox 1691 4165 2030 4250; x_wconf 62' lang='lat' dir='ltr'>dicuntum</span> <span class='ocrx_word' id='word_1_262' title='bbox 2080 4191 2284 4238; x_wconf 90' lang='lat' dir='ltr'>verae</span> <span class='ocrx_word' id='word_1_263' title='bbox 2337 4188 2588 4264; x_wconf 88' lang='lat' dir='ltr'>sporae</span> <span class='ocrx_word' id='word_1_264' title='bbox 2639 4188 2792 4236; x_wconf 89' lang='lat' dir='ltr'>raro</span> <span class='ocrx_word' id='word_1_265' title='bbox 2847 4163 3110 4234; x_wconf 90' lang='lat' dir='ltr'>obviae.</span> 
     </span>
    </p>
   </div>
   <div class='ocr_carea' id='block_1_8' title="bbox 481 4301 3730 4529">
    <p class='ocr_par' dir='ltr' id='par_1_9' title="bbox 481 4301 3730 4529">
     <span class='ocr_line' id='line_1_30' title="bbox 481 4301 3730 4504; baseline -0.001 -125"><span class='ocrx_word' id='word_1_266' title='bbox 481 4306 605 4382; x_wconf 88' lang='lat'>15.</span> <span class='ocrx_word' id='word_1_267' title='bbox 689 4307 1619 4504; x_wconf 45' lang='lat' dir='ltr'>(Sjncnszhg’mcmiomzs.</span> <span class='ocrx_word' id='word_1_268' title='bbox 1720 4310 2067 4387; x_wconf 88' lang='lat' dir='ltr'>Desmaz.</span> <span class='ocrx_word' id='word_1_269' title='bbox 2131 4312 2207 4388; x_wconf 89' lang='lat' dir='ltr'>in</span> <span class='ocrx_word' id='word_1_270' title='bbox 2270 4311 2467 4387; x_wconf 85' lang='lat' dir='ltr'>Anu.</span> <span class='ocrx_word' id='word_1_271' title='bbox 2527 4311 2646 4386; x_wconf 89' lang='lat' dir='ltr'>Sc.</span> <span class='ocrx_word' id='word_1_272' title='bbox 2710 4307 2869 4383; x_wconf 87' lang='lat' dir='ltr'>Nat.</span> <span class='ocrx_word' id='word_1_273' title='bbox 2930 4304 3143 4381; x_wconf 78' lang='lat'>1845.</span> <span class='ocrx_word' id='word_1_274' title='bbox 3222 4329 3292 4406; x_wconf 87' lang='lat' dir='ltr'>p.</span> <span class='ocrx_word' id='word_1_275' title='bbox 3353 4303 3524 4379; x_wconf 81' lang='lat'>369.</span> <span class='ocrx_word' id='word_1_276' title='bbox 3591 4301 3730 4378; x_wconf 91' lang='lat' dir='ltr'>sub</span> 
     </span>
     <span class='ocr_line' id='line_1_31' title="bbox 745 4427 1200 4529; baseline 0.004 -26"><span class='ocrx_word' id='word_1_277' title='bbox 745 4435 967 4529; x_wconf 83' lang='lat' dir='ltr'>rypto</span> <span class='ocrx_word' id='word_1_278' title='bbox 1027 4427 1044 4444; x_wconf 74' lang='lat'><em>⁶</em></span> <span class='ocrx_word' id='word_1_279' title='bbox 1088 4453 1200 4505; x_wconf 89' lang='lat' dir='ltr'>co.</span> 
     </span>
    </p>
   </div>
   <div class='ocr_carea' id='block_1_9' title="bbox 685 4564 3732 4885">
    <p class='ocr_par' dir='ltr' id='par_1_10' title="bbox 685 4564 3732 4885">
     <span class='ocr_line' id='line_1_32' title="bbox 782 4564 3732 4675; baseline -0.003 -27"><span class='ocrx_word' id='word_1_280' title='bbox 782 4573 859 4648; x_wconf 88' lang='lat' dir='ltr'>In</span> <span class='ocrx_word' id='word_1_281' title='bbox 915 4576 1116 4649; x_wconf 88' lang='lat' dir='ltr'>ramis</span> <span class='ocrx_word' id='word_1_282' title='bbox 1169 4571 1600 4675; x_wconf 89' lang='lat' dir='ltr'>Negundinis</span> <span class='ocrx_word' id='word_1_283' title='bbox 1651 4577 1718 4649; x_wconf 88' lang='lat' dir='ltr'>iu</span> <span class='ocrx_word' id='word_1_284' title='bbox 1766 4573 2122 4649; x_wconf 86' lang='lat' dir='ltr'>America!</span> <span class='ocrx_word' id='word_1_285' title='bbox 2190 4571 2696 4672; x_wconf 72' lang='lat' dir='ltr'>Cryptodiscus</span> <span class='ocrx_word' id='word_1_286' title='bbox 2751 4566 2963 4643; x_wconf 90' lang='lat' dir='ltr'>Cord.</span> <span class='ocrx_word' id='word_1_287' title='bbox 3028 4579 3134 4641; x_wconf 88' lang='lat' dir='ltr'>est</span> <span class='ocrx_word' id='word_1_288' title='bbox 3183 4569 3412 4668; x_wconf 84' lang='lat' dir='ltr'>typica</span> <span class='ocrx_word' id='word_1_289' title='bbox 3465 4564 3732 4654; x_wconf 67' lang='lat' dir='ltr'>suetis,</span> 
     </span>
     <span class='ocr_line' id='line_1_33' title="bbox 685 4685 3732 4794; baseline -0.002 -28"><span class='ocrx_word' id='word_1_290' title='bbox 685 4719 1103 4793; x_wconf 86' lang='lat' dir='ltr'>nomenque,</span> <span class='ocrx_word' id='word_1_291' title='bbox 1156 4696 1335 4769; x_wconf 90' lang='lat' dir='ltr'>bene</span> <span class='ocrx_word' id='word_1_292' title='bbox 1386 4696 1658 4794; x_wconf 84' lang='lat' dir='ltr'>cognito</span> <span class='ocrx_word' id='word_1_293' title='bbox 1714 4690 2306 4767; x_wconf 88' lang='lat' dir='ltr'>Umbelliferarum</span> <span class='ocrx_word' id='word_1_294' title='bbox 2362 4690 2597 4790; x_wconf 87' lang='lat' dir='ltr'>generi</span> <span class='ocrx_word' id='word_1_295' title='bbox 2646 4691 2779 4786; x_wconf 89' lang='lat' dir='ltr'>jam</span> <span class='ocrx_word' id='word_1_296' title='bbox 2828 4688 3247 4788; x_wconf 89' lang='lat' dir='ltr'>impositum,</span> <span class='ocrx_word' id='word_1_297' title='bbox 3329 4698 3435 4760; x_wconf 89' lang='lat' dir='ltr'>est</span> <span class='ocrx_word' id='word_1_298' title='bbox 3512 4685 3732 4782; x_wconf 82' lang='lat' dir='ltr'>rejici·</span> 
     </span>
     <span class='ocr_line' id='line_1_34' title="bbox 685 4811 951 4885; baseline -0.004 0"><span class='ocrx_word' id='word_1_299' title='bbox 685 4811 951 4885; x_wconf 88' lang='lat' dir='ltr'>endum.</span> 
     </span>
    </p>
   </div>
   <div class='ocr_carea' id='block_1_10' title="bbox 778 4957 3052 5060">
    <p class='ocr_par' dir='ltr' id='par_1_11' title="bbox 778 4957 3052 5060">
     <span class='ocr_line' id='line_1_35' title="bbox 778 4957 3052 5060; baseline -0.003 -25"><span class='ocrx_word' id='word_1_300' title='bbox 778 4959 1029 5036; x_wconf 89' lang='lat' dir='ltr'>Plures</span> <span class='ocrx_word' id='word_1_301' title='bbox 1082 4988 1327 5050; x_wconf 88' lang='lat' dir='ltr'>novas,</span> <span class='ocrx_word' id='word_1_302' title='bbox 1376 4962 1686 5038; x_wconf 89' lang='lat' dir='ltr'>iconibus</span> <span class='ocrx_word' id='word_1_303' title='bbox 1735 4959 2189 5048; x_wconf 87' lang='lat' dir='ltr'>illustrandas,</span> <span class='ocrx_word' id='word_1_304' title='bbox 2241 4958 2331 5032; x_wconf 90' lang='lat' dir='ltr'>ad</span> <span class='ocrx_word' id='word_1_305' title='bbox 2382 4958 2544 5034; x_wconf 84' lang='lat' dir='ltr'>fasc.</span> <span class='ocrx_word' id='word_1_306' title='bbox 2597 4984 2700 5060; x_wconf 91' lang='lat' dir='ltr'>sq.</span> <span class='ocrx_word' id='word_1_307' title='bbox 2753 4957 3052 5058; x_wconf 87' lang='lat' dir='ltr'>seposui.</span> 
     </span>
    </p>
   </div>
  </div>
 </body>
</html>
