4984 6517
486 1652 549 1724 1.

501 2316 565 2389 2.

3461 610 3630 702 115

685 822 1061 922 elongatam
1111 821 1277 912 vidi,
1318 825 1384 897 in
1427 824 1581 898 vivo
1634 826 2016 924 contiguam
2070 834 2140 898 et
2189 825 2254 897 in
2305 823 2668 924 superficie
2737 825 3152 915 undulatam,
3214 828 3511 902 siccitate
3565 853 3738 901 vero

685 943 1203 1017 rimosissimam.
1299 941 1553 1017 Fibrae
1606 944 1892 1017 ambitus
1951 955 2228 1029 tenues,
2302 942 2667 1017 admodum
2721 944 3011 1035 densae,
3073 948 3509 1021 obscuriores
3563 973 3739 1047 pan·

685 1088 841 1134 num
892 1064 1278 1160 contiguum
1330 1064 1599 1149 sistunt,
1652 1088 1788 1161 quo
1815 1061 2111 1162 undique
2140 1063 2407 1135 limitata
2437 1075 2506 1135 at
2534 1088 2669 1135 non
2704 1067 3102 1163 marginata,
3148 1077 3224 1138 ut
3273 1062 3350 1139 C.
3380 1074 3736 1138 crinitum.

786 1202 1096 1279 Seorsim
1163 1220 1396 1280 notare
1451 1207 1863 1307 superfluum
1929 1207 2109 1281 duco
2192 1209 2519 1308 quasdam
2595 1215 2864 1312 species
2944 1214 3430 1312 cosmopolites
3494 1210 3572 1287 C.
3627 1222 3739 1286 in·

684 1341 1089 1409 carnutum,
1149 1323 1227 1400 C.
1284 1335 1633 1399 cinereum
1689 1371 1783 1383 —
1835 1328 2133 1428 aliasque
2187 1331 2404 1403 minus
2452 1331 2757 1404 evolutas
2816 1331 2903 1403 de
2953 1330 3276 1404 industria
3333 1344 3623 1404 transeo.

1564 1517 1972 1595 Gonnus..
2074 1517 2318 1620 Epicr.
2372 1545 2442 1622 p.
2505 1520 2674 1594 566.

682 1651 774 1726 G.
828 1673 1358 1730 sparsurus.
1464 1654 1711 1758 Epicr.
1765 1681 1834 1758 p.
1894 1657 2063 1732 566.

787 1796 870 1870 In
925 1795 1266 1874 Mexico!
1320 1807 1395 1874 et
1445 1824 1583 1901 per
1637 1822 1932 1877 omnem
1982 1800 2405 1877 Americam
2455 1798 2733 1877 boreal.
2791 1799 3157 1903 frequens,

792 1936 1021 2028 Haec,
1098 1967 1251 2014 cum
1308 1943 1393 2015 G.
1445 1944 1855 2017 Helvelloide
1905 1956 2324 2043 comparata,
2381 1942 2619 2043 pusilla
2672 1945 2942 2042 species
3004 1956 3110 2016 est
3160 1955 3229 2017 et
3290 1944 3481 2042 quasi
3534 1952 3746 2014 mater

697 2056 1049 2130 multarum
1102 2059 1517 2157 peraffinium
1570 2063 1911 2137 recentius
1965 2061 2455 2150 distinctarum,
2505 2061 2592 2134 ad
2647 2088 2814 2161 quas
2851 2063 3049 2134 etiam
3075 2061 3407 2136 accedunt
3449 2085 3741 2159 sequen-

697 2186 832 2262 tes,
881 2176 1350 2251 evidentiores.

694 2317 785 2390 G.
842 2340 1463 2406 casuchLA‘rA,
1517 2318 1747 2394 dense
1800 2319 2244 2422 caespitosa,
2309 2318 2669 2421 stipitibus
2756 2319 3111 2422 elongatis
3180 2320 3533 2398 teretibus
3585 2347 3746 2398 sur·

697 2458 862 2507 sum
912 2435 1214 2512 dilatatis
1264 2437 1340 2511 in
1384 2436 1657 2539 pileum
1705 2437 2506 2539 lineari-spathulatum,
2575 2463 2798 2540 supra
2874 2437 3447 2527 canaliculatum,
3531 2439 3744 2516 sicci-

699 2560 840 2627 tate
895 2552 1493 2642 albovelutinum,
1548 2553 1899 2656 hymenio
1924 2555 2159 2632 infero
2190 2556 2604 2644 concolori,
2665 2556 2964 2632 demum
3012 2555 3433 2658 simpliciter
3455 2556 3741 2660 plicato.

802 2694 930 2770 Ad
981 2704 1280 2773 truncos
1331 2696 1406 2772 in
1461 2699 1683 2776 Costa
1732 2699 1932 2774 Rica.
2047 2687 2316 2776 ῥηταί.
2368 2724 2437 2774 n.
2496 2700 2615 2774 58.

811 2834 1091 2926 Omnia,
1144 2865 1318 2939 quae
1365 2839 1536 2926 vidi,
1587 2842 1956 2939 specimina
2007 2843 2074 2915 in
2139 2844 2375 2942 spiritu
2426 2842 2561 2915 vini
2612 2852 2877 2914 servata
2931 2853 3121 2915 erant
3172 2852 3241 2915 et
3290 2853 3430 2913 tum
3501 2840 3749 2940 fungus

704 2958 998 3058 undique
1050 2958 1351 3031 similaris
1405 2957 1757 3032 videbatur
1820 2984 1889 3034 et
1953 2960 2458 3060 homogeneus,
2536 2960 2801 3058 glaber,
2875 2959 3287 3058 pallescens,
3365 2960 3615 3044 mollis,
3685 2971 3769 3032 at‘

703 3103 834 3151 non
888 3076 1319 3176 gelatinosus.
1425 3072 1909 3152 Semisiccatus
1963 3079 2261 3152 colorem
2323 3077 2697 3154 Clanariae
2767 3077 3029 3172 ligulas
3098 3080 3338 3154 obtulit
3387 3081 3750 3178 siccusque

706 3193 971 3268 demum
1024 3195 1241 3293 pileus
1296 3196 1645 3295 stipesque
1697 3222 1825 3296 pro
1876 3222 2065 3270 more
2117 3200 2506 3271 tenuissime
2578 3197 3074 3297 albo-pruinosi
3127 3196 3563 3285 subvelutini,
3623 3194 3751 3299 hy·

709 3314 928 3385 menio
983 3314 1220 3412 glabro
1273 3312 1517 3402 insero,
1567 3316 1785 3414 primo
1836 3315 2046 3403 laevi,
2095 3315 2503 3416 demumque
2569 3341 2700 3388 una
2754 3316 3046 3388 alterave
3106 3313 3312 3387 modo
3362 3315 3541 3416 plica
3592 3318 3754 3389 sim·-

713 3432 868 3530 plici
919 3444 1102 3504 recta
1155 3432 1610 3531 longitudinali
1661 3435 2072 3506 instructum.
2198 3431 2591 3507 Substantia
2644 3435 2757 3506 vix
2807 3434 3214 3532 gelatinosa,
3265 3432 3583 3535 hymenio
3636 3462 3753 3510 ce-

712 3575 909 3622 raceo
962 3553 1122 3646 (nec
1171 3551 1343 3625 laete
1389 3553 1724 3649 colorato)
1779 3554 2200 3651 potissimum
2282 3551 2716 3651 dignoscitur.
2847 3548 3119 3624 Statura
3170 3554 3235 3624 in
3282 3579 3535 3652 genere
3612 3555 3754 3653 pri-

711 3669 874 3756 oris,
924 3667 1049 3742 sed
1100 3672 1434 3770 caespites
1483 3675 1811 3769 majores,
1863 3672 2124 3770 stipites
2177 3671 2376 3744 3-4
2429 3670 2537 3745 lin.
2589 3672 2792 3769 longi,
2844 3673 3248 3758 subteretes,
3301 3674 3541 3757 erecti;
3594 3674 3756 3772 pilei

717 3786 1151 3875 canaliculati,
1200 3790 1453 3888 passim
1505 3789 1719 3877 bifidi,
1773 3790 1996 3888 stipite
2051 3790 2438 3878 breviores,
2483 3791 3044 3889 erecto-obliqui;
3097 3787 3482 3890 hymenium
3532 3790 3751 3889 gilvo·

718 3931 1023 4004 opacum.

595 4099 607 4114 .
717 4045 801 4117 G.
854 4066 1210 4131 smum,
1290 4043 1715 4147 subglabra,
1784 4046 2010 4135 lutea,
2092 4047 2333 4148 primo
2416 4046 2967 4135 tereti-clavata,
3046 4045 3216 4121 dein
3302 4072 3759 4149 compressa,

722 4161 1163 4263 demumque
1213 4161 1600 4239 lateraliter
1648 4163 2002 4267 depressa
2054 4164 2388 4268 obliqua,
2464 4165 2818 4269 hymenio
2878 4166 3177 4240 demum
3226 4164 3760 4271 longitudinali-

724 4292 833 4356 ter
879 4279 1150 4357 striato.

816 4398 943 4473 Ad
1007 4406 1374 4473 sarmenta
1419 4397 1706 4502 lignosa
1768 4399 2062 4504 (lianer)
2126 4408 2497 4488 emortua,
2579 4426 2716 4503 per
2790 4402 3100 4478 cortices
3183 4423 3610 4501 erumpenS,
3686 4398 3763 4474 in

729 4517 944 4592 Costa
994 4517 1193 4593 Rica.
1310 4507 1578 4593 ὄναιό.

818 4656 1017 4733 Haec
1066 4658 1154 4733 ad
1205 4659 1696 4760 praecedentes
1747 4661 2043 4750 accedit,
2090 4673 2166 4734 ut
2226 4659 2559 4736 Calocera
2602 4661 2970 4756 glossoides
3025 4661 3111 4734 ad
3172 4660 3249 4738 C.
3299 4689 3649 4750 corneam,
3698 4675 3768 4737 et

725 4780 990 4877 species
1043 4778 1221 4852 clare
1277 4779 1614 4866 distincta,
1670 4781 1828 4853 licet
1874 4781 2144 4879 generis
2197 4782 2480 4853 minima.
2586 4775 2935 4853 Individua
3006 4783 3072 4853 in
3126 4781 3371 4856 eodem
3424 4794 3764 4856 sarmento

717 4921 1103 4985 numerosa,
1154 4896 1280 4971 sed
1332 4900 1551 4969 omnia
1601 4900 1773 4971 inter
1819 4924 1894 4971 se
1948 4897 2283 4985 distantia;
2346 4900 2412 4971 in
2470 4899 2628 4997 spir.
2680 4900 2814 4970 vini
2889 4910 3028 4970 tota
3106 4900 3286 4973 lutea
3350 4914 3420 4974 et
3495 4901 3766 5000 glabra,

726 5015 960 5088 iterum
1017 5017 1350 5115 exsiccata
1403 5015 1701 5089 colorem
1772 5043 1908 5089 non
1989 5028 2228 5103 mutat,
2299 5028 2532 5115 partes
2597 5042 2762 5089 vero
2823 5017 3085 5089 steriles
3136 5018 3524 5093 tenuissime
3576 5019 3768 5094 albo—

730 5134 1103 5231 pruinatae,
1145 5146 1221 5205 ut
1272 5134 1463 5207 color
1511 5134 1730 5209 luteus
1773 5135 2196 5209 transluceat.
2300 5129 2538 5234 Stipes
2594 5132 2849 5208 clavula
2901 5134 3108 5232 vulgo
3173 5136 3478 5223 brevior,
3527 5136 3768 5209 lineam

732 5249 999 5349 longus,
1051 5264 1265 5340 teres,
1323 5266 1608 5327 erectus.
1714 5251 1995 5327 Clavula
2046 5254 2263 5353 primo
2316 5242 2681 5342 verticalis,
2731 5250 3153 5326 Pistillariam
3221 5253 3555 5342 referens,
3608 5279 3771 5327 mox

734 5394 1119 5469 compressa
1163 5370 1402 5469 (altero
1472 5372 1677 5445 latere
1731 5372 2036 5471 sterilis),
2113 5398 2388 5473 semper
2439 5373 2756 5473 simplex,
2807 5370 3078 5446 demum
3134 5371 3505 5471 depressus
3561 5373 3767 5446 semi-
