4984 6517
3403 584 3572 667 291

733 790 802 865 b.
862 791 1139 866 Sua-um
1191 794 1495 867 suillum.
1605 789 1979 891 Crystallis
2027 790 2421 868 lamellosis
2466 791 2585 866 vel
2638 794 3082 892 prismaticiS.

741 950 803 1005 c.
859 927 1137 1000 Saxum
1183 930 1497 1000 crudum.
1628 924 1986 1026 (Rasten).
2110 927 2283 1002 Plus
2334 927 2667 1001 minusve
2698 941 3158 1029 compactum
3191 955 3234 1004 e
3272 928 3504 1013 silica,
3561 926 3706 1027 gri-

431 1067 677 1128 seum,
759 1042 1076 1117 fractura
1129 1040 1498 1116 festucosa
1545 1042 1621 1116 in
1672 1049 1989 1117 terream
2039 1052 2498 1131 transeunte,
2585 1043 2955 1121 diversum
3004 1047 3076 1122 in
3131 1045 3440 1122 diversis
3495 1045 3705 1119 striis.

737 1178 806 1251 d.
872 1178 1101 1250 Terra
1156 1188 1325 1250 saxi
1348 1179 1639 1273 foetidi.
1742 1174 1982 1251 Fusca
2046 1174 2164 1253 vel
2222 1176 2501 1279 grisea,
2580 1179 2894 1255 fractura
2957 1179 3288 1254 minutim
3340 1182 3701 1280 granosa',

434 1293 601 1392 quia
653 1308 897 1392 partes
948 1303 1234 1367 terreae
1283 1293 1400 1368 vel
1454 1317 1859 1368 arenaceae
1884 1305 2069 1369 sunt.
2178 1295 2429 1371 Oritur
2463 1295 2744 1395 dilapsu
2774 1296 3207 1371 varietatum
3249 1295 3704 1396 praeceden-

432 1411 631 1483 tium.

738 1568 803 1618 e.
862 1547 1159 1617 Breccia
1208 1554 1377 1616 saa-i
1402 1545 1693 1640 foetidi.
1797 1539 2236 1643 Fragmenta
2285 1540 2626 1644 angulata
2676 1543 2838 1618 saxi
2881 1543 3171 1630 foetidi,
3238 1569 3426 1645 quae
3480 1569 3706 1643 saepe

434 1660 896 1735 continentur
947 1655 1230 1735 Wacka
1275 1655 1593 1745 fumosa,
1644 1654 1905 1732 friabili
1953 1668 2077 1733 aut
2122 1659 2421 1761 Arg-illa.

640 1792 981 1870 Occurrit
1050 1792 1125 1867 in
1202 1792 1485 1868 laminis
1562 1790 2018 1868 bituminosis
2095 1815 2214 1867 ex.
2287 1817 2393 1896 gr.
2459 1793 2723 1871 Schisti
2765 1793 3167 1871 'aluminici
3217 1794 3290 1867 in
3339 1791 3708 1866 montibus

432 1910 1050 2013 Westrogothiae.

637 2046 707 2119 2.
767 2047 1040 2119 Saxum
1093 2047 1478 2119 calcarium
1529 2047 1850 2136 densum„
1936 2041 2313 2117 Carbonas
2366 2043 2714 2118 calcicum
2766 2044 2839 2118 in
2893 2043 3318 2119 sedimentis
3389 2042 3548 2116 sine
3604 2041 3709 2117 bi.

433 2162 742 2248 tumine,
794 2160 1107 2235 fractura
1151 2159 1387 2236 solida
1442 2167 1515 2233 et
1546 2158 1703 2234 sere
1746 2159 2133 2234 sestucosa.
2242 2159 2582 2267 Continet
2633 2161 3066 2263 plerumque
3118 2158 3586 2235 Petraefacta.

695 2296 795 2370 'a.
855 2296 1131 2368 Saxum
1192 2298 1578 2369 calcarium
1628 2322 1785 2367 cum
1850 2292 2355 2369 Orthoceratice
2388 2305 2748 2367 communi.

734 2429 808 2505 b.
863 2430 1140 2502 Saxum
1192 2429 1577 2502 calcarium
1635 2457 1791 2502 cum
1841 2430 2259 2502 Encrc’nitiS.

741 2588 803 2636 c.
858 2564 1136 2638 Saxum
1190 2580 1424 2638 tenax.
1528 2559 2000 2660 (Zechstein).
2112 2560 2393 2635 Saxum
2447 2560 2836 2635 calcarium
2896 2562 3134 2636 odore
3161 2558 3477 2662 argillae,
3509 2556 3703 2631 Mar·
3757 2618 3761 2622 Α

431 2703 600 2782 gam
654 2687 727 2753 et
779 2678 1228 2755 Petraefacta
1280 2677 1629 2752 Producti
1681 2688 1755 2751 et
1812 2676 2211 2752 Orbiculae
2260 2678 2663 2751 continens,

742 2813 812 2887 d.
876 2813 1058 2891 Calx
1139 2811 1560 2907 conchifera.
1666 2807 2251 2911 (Muschelkalk).
2354 2811 2633 2884 Saxum
2715 2810 3102 2886 calcarium
3207 2808 3709 2912 argillaceum‚

430 2954 829 3031 granosum
884 2955 984 3005 ex
1035 2930 1279 3004 innato
1330 2926 1610 3029 Spatho
1664 2926 2007 3012 calcari0,
2062 2926 2474 3002 distinctum
2541 2930 2932 3004 Ammonite
3008 2931 3292 3015 nodoso,
3391 2931 3706 3026 Myacite

434 3050 855 3122 musculoide
907 3055 980 3121 et
1040 3047 1388 3147 Gryphice
1439 3043 1720 3144 cynubio.

742 3208 804 3256 e.
861 3183 1137 3255 Saxum
1164 3179 1551 3255 calcarium
1577 3180 1773 3253 Lias.
1882 3173 2320 3252 Distinctum
2356 3176 2861 3253 Petraesactis:
2965 3181 3459 3275 Plagiostomis
3496 3178 3704 3261 laevi,

431 3312 810 3398 gigantea,
870 3307 944 3373 et
991 3301 1385 3373 Her-manni
1431 3298 1752 3396 itemque
1799 3293 2316 3369 Bilemnitibus.
3222 3373 3232 3387 Ι

740 3432 784 3508 f.
833 3435 1111 3509 Saxum
1190 3436 1577 3508 calcarium
1661 3430 2129 3503 Juvassicum.
2270 3426 2516 3502 Massa
2588 3426 2895 3530 calcaria
2975 3425 3335 3510 subflava‚
3440 3447 3700 3523 parum

435 3552 677 3625 nitens
725 3559 798 3623 et
845 3549 1117 3637 molliS,
1213 3550 1525 3623 fractura
1586 3542 2134 3621 conchaesormi
2199 3544 2317 3619 vel
2375 3544 2759 3619 sestucosa.
2869 3542 3352 3644 Distinguitur
3423 3544 3705 3614 Ammo-

436 3682 581 3745 nice
633 3670 991 3768 triplicato
1009 3726 1030 3754 ,
1081 3670 1363 3742 Pectine
1415 3678 1988 3764 inaequicostatO,
2053 3663 2302 3737 Ostrea
2351 3663 2771 3735 durius-cula
2828 3668 2963 3734 ete.

641 3804 920 3877 Saoeum
972 3804 1358 3876 calcarium
1411 3799 1695 3873 densum
1754 3794 2128 3871 constituit
2171 3803 2452 3895 partem
2516 3794 3055 3895 praevalentem
3150 3790 3306 3865 fere
3386 3790 3710 3864 omnium

432 3919 1035 3995 sedimentorum.

643 4071 712 4143 3.
753 4070 1032 4143 Saxum
1085 4068 1471 4140 calcarium
1523 4064 1933 4139 oolithicum.
2040 4061 2419 4137 Carbonas
2490 4060 2844 4136 calcicum
2920 4060 2991 4132 in
3059 4055 3486 4132 sedimentis
3549 4055 3707 4156 glo-

432 4187 644 4263 bosis
695 4183 1178 4259 concentricis
1232 4184 1535 4284 (Oolich)
1584 4182 1842 4281 partim
1916 4179 2182 4283 plenis,
2247 4177 2505 4278 partim
2560 4178 2776 4253 cavis.
2885 4173 3186 4250 Globuli
3241 4173 3705 4248 continentur

432 4330 680 4380 massa
732 4299 1038 4377 calcaria
1091 4307 1501 4398 compacta,
1555 4298 1675 4372 vel
1728 4307 1971 4373 terrea
2020 4297 2138 4371 vel
2185 4321 2475 4397 porosa.

643 4439 716 4509 4.
768 4437 1045 4510 Samum
1098 4435 1484 4507 calcarium
1536 4452 1943 4508 cretaceum.
2050 4429 2291 4505 Massa
2345 4426 2650 4504 calcaria
2698 4424 3237 4527 pulverulenta,
3294 4425 3368 4499 in
3414 4423 3710 4525 quibus·

437 4558 612 4631 dam
665 4550 904 4629 stratis
944 4533 1185 4623 adh'uc
1245 4549 1515 4635 molliS‚
1573 4574 1762 4650 quae
1816 4558 2057 4623 tamen
2106 4548 2365 4647 partim
2412 4547 2487 4621 in
2542 4570 2714 4620 aere
2753 4543 3183 4630 indurescit,
3237 4542 3493 4642 partim
3523 4540 3711 4616 mol-

436 4674 664 4748 litiem
720 4668 980 4743 retinet
1029 4691 1169 4740 nec
1213 4665 1557 4766 inquinat.
1657 4667 1789 4741 Est
1858 4665 2025 4740 alba
2099 4673 2172 4738 et
2226 4663 2301 4736 in
2364 4661 2804 4762 quibusdam
2865 4660 3102 4734 stratis
3170 4660 3438 4736 adsunt
3489 4684 3719 4762 grana

437 4792 724 4864 Terrae
783 4784 1052 4860 viridis,
1159 4782 1498 4858 Continet
1574 4794 1954 4883 praeterea
2031 4779 2253 4855 multa
2333 4778 2789 4853 Petraefacta
2863 4776 3160 4879 originis
3244 4778 3571 4853 animalis
3644 4786 3717 4852 et

437 4903 820 5009 glandulas
874 4900 1130 4977 Silicis.

748 5062 815 5112 a.
884 5036 1100 5113 Creta
1155 5036 1536 5111 chloritica.
1647 5032 1989 5108 Continet
2037 5054 2265 5134 grana
2306 5031 2585 5103 Terrae
2630 5027 2901 5104 viridis,

746 5171 821 5246 b.
887 5170 1076 5248 Cah·
1126 5188 1459 5245 cretacea.
1564 5166 1988 5267 (Grakrita).
2097 5165 2251 5239 Aut
2311 5170 2692 5262 compacta
2741 5162 2869 5251 ita,
2936 5172 3017 5238 ut
3073 5161 3151 5237 in
3217 5167 3390 5236 aere
3442 5158 3712 5234 siccata

440 5301 658 5371 sonet
708 5288 885 5366 dum
935 5287 1295 5390 pulsetur,
1352 5294 1474 5361 aut
1532 5300 1801 5371 terrea,
1856 5281 2096 5358 mollis
2147 5288 2221 5358 et
2271 5280 2674 5382 inquinans,
