4984 6517
3489 587 3662 674 355

501 809 768 898 gmenta
792 800 940 872 basi
970 799 1417 883 subcuneata,
1467 798 1585 869 ubi
1639 796 1953 869 latissima
2005 795 2137 869 344
2194 797 2400 869 lineas
2453 795 2794 871 latitudine
2847 803 3217 901 aequantia.
3321 798 3767 877 Nemathecia

504 916 793 990 formant
842 919 906 989 in
962 915 1165 988 thallo
1219 915 1513 988 maculas
1567 915 1817 987 coloris
1870 913 2162 987 laetioris
2215 914 2608 1013 formaeque
2660 919 2768 990 vix
2819 918 3297 994 determinatae
3335 947 3571 1019 parum
3628 922 3770 995 ele-

505 1045 725 1119 vatas,
772 1059 949 1132 quae
1000 1036 1131 1107 sint
1157 1036 1281 1130 vix·
1295 1036 1592 1132 quintam
1617 1032 1796 1105 thalli
1819 1032 2143 1104 crassitiei
2172 1044 2432 1131 partem
2470 1059 2774 1120 crassae,
2815 1036 2939 1111 filis
2973 1040 3376 1112 tenuissimis
3407 1041 3770 1113 articulatis

504 1153 824 1251 (basique
875 1154 1192 1248 ramosis)
1239 1154 1302 1224 in
1357 1151 1561 1224 thallo
1616 1150 2044 1223 verticalibus
2092 1162 2161 1221 et
2213 1151 2405 1247 quasi
2458 1175 2656 1224 muco
2709 1154 3113 1229 circumfuso
3170 1168 3239 1229 et
3289 1158 3553 1230 velante
3579 1157 3770 1230 cohi·

506 1271 661 1343 bitis
741 1271 1175 1353 constitutae;
1254 1271 1487 1369 apices
1546 1269 1786 1341 horum
1863 1267 2120 1340 filorum
2178 1269 2243 1339 in
2297 1267 2604 1339 cellulam
2672 1268 3030 1368 ellipticam
3083 1285 3236 1347 sunt
3281 1274 3515 1361 inflati,
3573 1277 3769 1372 cujus

504 1386 850 1484 (cellulae)
922 1400 1309 1460 contentum
1391 1391 1580 1460 zonis
1658 1384 2219 1460 transversalibus
2290 1388 2354 1457 in
2438 1399 2755 1484 quattuor
2811 1402 3041 1486 partes
3110 1391 3441 1479 dividitur,
3493 1395 3532 1464 i.
3587 1418 3646 1466 e.
3699 1396 3766 1465 in

505 1505 1047 1605 sphaerosporas
1097 1508 1412 1590 zonatirn,
1469 1522 1540 1577 ut
1585 1501 1844 1589 dicitur,
1894 1501 2240 1576 secedunt.

815 1639 1110 1740 Species
1160 1667 1295 1713 non
1342 1642 1486 1713 sine
1543 1638 1750 1713 dubio
1805 1651 1871 1713 et
1923 1638 2358 1711 haesitatione
2396 1637 2481 1710 ad
2521 1637 3138 1740 Gymnogongrum
3175 1668 3212 1712 a
3241 1667 3351 1714 me
3383 1642 3589 1715 relata
3634 1655 3771 1730 est,

507 1762 820 1857 quoniam
899 1759 1034 1832 hoc
1105 1760 1170 1831 in
1233 1783 1522 1857 genere,
1574 1783 1712 1830 sec.
1765 1757 1835 1831 J.
1896 1758 2034 1852 Ag.
2093 1756 2135 1827 l.
2189 1784 2245 1828 c.
2284 1784 2368 1856 p.
2429 1762 2578 1842 515,
2633 1758 3179 1859 sphaerosporae
3236 1762 3400 1832 intra
3457 1762 3771 1834 articulos

508 1878 766 1949 filorum
823 1876 1219 1950 nemathecii
1275 1879 1666 1973 superiores
1716 1877 1891 1949 serie
1945 1874 2231 1971 longiori
2284 1890 2353 1945 et
2411 1877 2699 1947 cruciata
2759 1875 3086 1950 divisione
3142 1878 3562 1963 evolvuntur,
3611 1877 3769 1950 dum

505 1998 567 2068 in
615 2007 844 2069 nostra
896 1995 1123 2092 planta
1177 2020 1425 2092 sporae
1478 1996 1641 2065 intra
1696 1992 2042 2065 articulum
2093 1994 2516 2089 superiorem
2571 1991 2830 2065 filorum
2878 1995 3276 2068 nemathecii
3322 2009 3558 2069 zonata
3601 1973 3771 2069 divi-

505 2115 694 2186 sione
771 2116 1153 2212 gignuntur,
1230 2111 1417 2210 quod
1469 2112 1851 2209 genericam
1908 2108 2341 2182 differentiam
2399 2111 2687 2183 suadere
2745 2112 3025 2186 videtur.
3131 2111 3281 2187 Sed
3330 2116 3392 2186 in
3452 2112 3769 2215 Gymno-

506 2256 771 2328 gongro
843 2230 1148 2315 dilatato,
1230 2232 1336 2303 cui
1415 2241 1644 2303 nostra
1721 2227 1945 2327 planta
2005 2226 2230 2299 habitu
2288 2226 2481 2299 valde
2536 2240 2642 2301 est
2692 2230 2921 2303 similis
2982 2243 3051 2304 et
3106 2244 3432 2304 structura
3497 2235 3767 2304 omnino

506 2349 914 2420 conveniens
987 2347 1293 2447 (cellulas
1361 2349 1544 2420 strati
1611 2345 1944 2418 corticalis
2004 2346 2062 2415 si
2115 2346 2446 2442 excipias,
2507 2371 2681 2444 quae
2737 2350 2845 2420 vix
2896 2351 2961 2421 in
3016 2353 3229 2423 series
3282 2350 3767 2422 transversales

506 2477 657 2537 sunt
728 2466 1232 2562 coordinatae)‚
1311 2464 1859 2564 sphaerosporae
1924 2488 2057 2535 non
2110 2474 2265 2536 sunt
2315 2464 2658 2552 inventae,
2710 2464 3004 2565 indeque
3057 2493 3280 2566 prope
3332 2467 3511 2540 hunc
3556 2468 3766 2540 collo-

505 2610 656 2657 care
692 2585 900 2656 satius
950 2582 1126 2655 duxi.

1486 2757 1752 2832 XXIII.
1833 2755 2511 2832 AHNFELTIA
2564 2755 2795 2829 Fries.

916 2911 976 2981 1.
1063 2906 1520 2984 AHNFELTIA
1574 2910 1963 2984 POLYmEs
2015 2912 2082 2981 A
2090 2907 2299 2981 resch.
2370 2907 2581 3006 Phyc.
2628 2926 2985 2982 exercear.
3037 2935 3180 2981 ατε.
3237 2937 3303 2981 n.
3363 2915 3470 2984 47.

807 3040 1067 3115 Thallo
1147 3066 1424 3116 corneo
1492 3040 1701 3115 tereti
1759 3040 1979 3116 sterili
2033 3039 2606 3142 subregulariter
2656 3039 2866 3115 fertili
2916 3039 3407 3142 irregulariter
3460 3044 3766 3144 repetite

508 3157 1088 3246 di-trichotomo,
1159 3157 1437 3234 sinibus
1493 3157 1751 3246 acutiS,
1833 3159 2162 3261 apicibus
2217 3156 2662 3258 simplicibus
2714 3157 2757 3232 1.
2815 3156 3214 3244 bifurcatis,
3271 3161 3767 3261 sporocarpiis

503 3278 596 3354 ad
634 3288 1012 3381 segmenta
1028 3278 1446 3379 ’superiora
1501 3276 1812 3352 adnexis
1864 3275 2388 3378 approximatis
2446 3274 3024 3377 hemisphaerice
3076 3277 3678 3375 prominentibus,

807 3412 931 3486 Ad
985 3411 1220 3487 littora
1270 3413 1636 3498 Peruana,
1689 3411 1851 3486 sine
1904 3410 2133 3486 dubio
2188 3409 2633 3511 frequenter.

806 3546 1043 3621 Planta
1099 3550 1348 3622 coloris
1413 3549 2195 3647 fusco-purpurascentis
2248 3550 2419 3643 (sere
2476 3550 2746 3621 omnino
2802 3546 3258 3622 Furcellariae
3306 3549 3345 3620 l.
3391 3546 3765 3649 Polyidis)‚

502 3667 807 3766 apicibus
857 3678 1105 3738 tantum
1152 3667 1571 3753 laetioribus,
1615 3692 1833 3765 usque
1890 3666 2151 3764 pedalis
2198 3678 2267 3742 et
2320 3666 2547 3739 forsan
2602 3666 2800 3752 ultra,
2855 3665 3255 3740 densissime
3287 3669 3667 3764 caespitosa
3698 3678 3766 3738 et

504 3786 815 3858 omnibus
866 3783 1006 3858 fere
1058 3786 1361 3883 partibus
1405 3783 1887 3857 Furcellariam
1937 3798 2234 3857 nostram
2286 3785 2578 3857 sterilem
2636 3795 2704 3858 et
2741 3784 3048 3881 paululo,
3098 3809 3299 3882 quam
3353 3809 3509 3856 esse
3559 3782 3765 3868 solet,

502 3906 909 3987 tenuiorem,
961 3905 1024 3974 in
1081 3906 1398 3975 memoria
1451 3905 1705 4002 optime
1758 3928 2109 3975 revocans.
2182 3898 2465 3974 Thallus
2517 3901 2771 3975 inferne
2815 3901 3419 4000 crassitieglineae
3460 3901 3499 3973 l.
3538 3899 3766 3974 forsan

500 4022 738 4094 lineam
793 4045 1119 4119 aequans,
1173 4045 1467 4119 superne
1524 4046 1757 4118 parum
1812 4032 2223 4106 attenuatus,
2276 4021 2519 4094 sterilis
2545 4021 2930 4092 normaliter
2954 4018 3569 4104 dichotomus‚sed
3595 4044 3767 4090 non·

501 4164 838 4236 nunquam
892 4137 1365 4223 trichotomus‚
1418 4137 1647 4211 fertilis
1698 4137 2150 4236 irregulariter
2197 4138 2778 4223 di-trichotomus,
2832 4140 3032 4209 ramis
3072 4137 3481 4235 ramulisque
3510 4138 3765 4235 sparsis

501 4257 539 4329 Ι.
600 4255 1030 4327 fasciculatim
1080 4259 1425 4353 congestis
1483 4256 1519 4327 Ι.
1578 4256 1940 4340 interdum,
1989 4281 2393 4355 quamquam
2448 4259 2696 4341 rarius,
2749 4255 3295 4329 subsecundatim
3344 4254 3763 4327 exeuntibus.

500 4371 979 4448 Dichotomiae
1034 4374 1296 4472 plures,
1346 4401 1611 4446 sursum
1664 4377 1877 4472 magis
1930 4378 2280 4472 magisque
2331 4377 2871 4472 approximatae,
2923 4373 3176 4446 sinibus
3208 4374 3439 4443 acutis.
3497 4371 3764 4468 Apices

499 4520 676 4565 nunc
727 4493 1099 4590 simplices,
1153 4519 1362 4578 nunc,
1416 4491 1599 4590 quod
1657 4494 1930 4590 saepius
1981 4492 2225 4564 accidit
2273 4494 2336 4563 in
2395 4493 2617 4589 planta
2657 4489 2895 4575 sterili,
2945 4488 3246 4561 bifurcati
3275 4502 3344 4560 et
3371 4488 3770 4572 subobtusi‚

500 4623 572 4683 ut
621 4613 685 4683 in
743 4609 1153 4683 Furcellaria
1214 4610 1438 4682 sterili.
1538 4606 2003 4708 Sporocarpia
2058 4611 2121 4681 in
2175 4611 2617 4708 speciminum
2676 4608 2899 4707 quoad
2952 4606 3492 4679 ramilicationem
3551 4608 3764 4700 magis

501 4730 958 4826 irregularium
1038 4740 1106 4800 et
1186 4728 1743 4826 complicatorum
1819 4730 2189 4826 segmentis
2243 4728 2654 4825 superiobus
2705 4724 3241 4823 hemisphaerice
3295 4725 3764 4821 prominentia,

500 4848 829 4922 interdum
877 4847 1073 4920 valde
1126 4848 1589 4945 approximata
1640 4857 1709 4918 et
1759 4849 2051 4931 omnino,
2107 4858 2175 4916 ut
2225 4848 2290 4917 in
2347 4844 2730 4918 Ahnl'eltiae
2784 4868 3058 4942 genere,
3111 4853 3515 4914 constructa.

807 4984 1132 5086 Speciem
1211 4992 1273 5060 in
1358 4988 1567 5086 Phyc.
1660 5005 2017 5060 extraeur.
2094 4999 2344 5061 emico.
2430 4988 2664 5085 gen'eri
2747 4983 3272 5087 Gymnogongri
3325 4983 3765 5082 adscriptam,

502 5117 827 5177 structura
902 5108 1139 5178 iterum
1220 5109 1596 5205 iterumque
1683 5110 2085 5192 examinata,
2167 5133 2302 5178 non
2369 5130 2653 5204 possum
2709 5131 2845 5176 non
2899 5103 2986 5176 ad
3032 5102 3439 5177 Ahnseltiam
3493 5101 3764 5175 referre.

504 5220 723 5296 Thalli
772 5227 984 5295 sectio
1042 5226 1505 5299 transversalis
1559 5224 1850 5298 ostendit
1904 5237 2180 5298 stratum
2234 5222 2552 5295 corticale
2592 5221 2998 5308 coloratum,
3043 5223 3204 5294 satis
3230 5247 3529 5293 crassum
3561 5233 3763 5317 atque

502 5353 950 5439 compactum,
1017 5342 1270 5414 cellulis
1354 5345 1618 5416 minutis
1694 5345 1756 5415 in
1837 5344 2048 5416 series
2126 5341 2609 5414 transversales
2670 5339 3025 5424 ordinatis3
3079 5340 3244 5411 intra
3296 5337 3430 5411 hoc
3484 5349 3760 5409 stratum
