<?xml version="1.0" encoding="UTF-8"?>
<!DOCTYPE html PUBLIC "-//W3C//DTD XHTML 1.0 Transitional//EN"
    "http://www.w3.org/TR/xhtml1/DTD/xhtml1-transitional.dtd">
<html xmlns="http://www.w3.org/1999/xhtml" xml:lang="en" lang="en">
 <head>
  <title>
</title>
<meta http-equiv="Content-Type" content="text/html;charset=utf-8" />
  <meta name='ocr-system' content='tesseract 3.04.00' />
  <meta name='ocr-capabilities' content='ocr_page ocr_carea ocr_par ocr_line ocrx_word'/>
</head>
<body>
  <div class='ocr_page' id='page_1' title='image "./novaactaregiaes00uppsgoog_0049.png"; bbox 0 0 4984 6517; ppageno 0'>
   <div class='ocr_carea' id='block_1_1' title="bbox 3468 603 3583 689">
    <p class='ocr_par' dir='ltr' id='par_1_1' title="bbox 3468 603 3583 689">
     <span class='ocr_line' id='line_1_1' title="bbox 3468 603 3583 689; baseline 0 0"><span class='ocrx_word' id='word_1_1' title='bbox 3468 603 3583 689; x_wconf 79' lang='lat'><strong>33</strong></span> 
     </span>
    </p>
   </div>
   <div class='ocr_carea' id='block_1_2' title="bbox 747 799 3165 909">
    <p class='ocr_par' dir='ltr' id='par_1_2' title="bbox 747 799 3165 909">
     <span class='ocr_line' id='line_1_2' title="bbox 747 799 3165 909; baseline 0.004 -30"><span class='ocrx_word' id='word_1_2' title='bbox 747 808 827 880; x_wconf 89' lang='lat' dir='ltr'><strong>ln</strong></span> <span class='ocrx_word' id='word_1_3' title='bbox 878 805 1079 907; x_wconf 91' lang='lat' dir='ltr'><strong>ligno</strong></span> <span class='ocrx_word' id='word_1_4' title='bbox 1136 805 1429 907; x_wconf 89' lang='lat' dir='ltr'><strong>putrido</strong></span> <span class='ocrx_word' id='word_1_5' title='bbox 1483 805 1749 883; x_wconf 88' lang='lat' dir='ltr'><strong>montis</strong></span> <span class='ocrx_word' id='word_1_6' title='bbox 1802 806 2183 909; x_wconf 85' lang='lat' dir='ltr'><strong>Aguacate</strong></span> <span class='ocrx_word' id='word_1_7' title='bbox 2234 807 2309 883; x_wconf 91' lang='lat' dir='ltr'><strong>in</strong></span> <span class='ocrx_word' id='word_1_8' title='bbox 2366 810 2586 884; x_wconf 87' lang='lat' dir='ltr'><strong>Costa</strong></span> <span class='ocrx_word' id='word_1_9' title='bbox 2635 808 2833 884; x_wconf 90' lang='lat' dir='ltr'><strong>Rica.</strong></span> <span class='ocrx_word' id='word_1_10' title='bbox 2898 799 3165 891; x_wconf 69' lang='grc' dir='ltr'><strong>ῥηταί.</strong></span> 
     </span>
    </p>
   </div>
   <div class='ocr_carea' id='block_1_3' title="bbox 606 947 3685 1653">
    <p class='ocr_par' dir='ltr' id='par_1_3' title="bbox 606 947 3685 1653">
     <span class='ocr_line' id='line_1_3' title="bbox 745 947 3685 1062; baseline 0.004 -40"><span class='ocrx_word' id='word_1_11' title='bbox 745 947 1168 1048; x_wconf 87' lang='lat' dir='ltr'><strong>Specimina,</strong></span> <span class='ocrx_word' id='word_1_12' title='bbox 1220 951 1376 1025; x_wconf 91' lang='lat' dir='ltr'><strong>loco</strong></span> <span class='ocrx_word' id='word_1_13' title='bbox 1431 954 1630 1025; x_wconf 91' lang='lat' dir='ltr'><strong>citato</strong></span> <span class='ocrx_word' id='word_1_14' title='bbox 1689 952 1893 1039; x_wconf 88' lang='lat' dir='ltr'><strong>lecta,</strong></span> <span class='ocrx_word' id='word_1_15' title='bbox 1946 956 2199 1052; x_wconf 88' lang='lat' dir='ltr'><strong>optime</strong></span> <span class='ocrx_word' id='word_1_16' title='bbox 2251 957 2668 1055; x_wconf 83' lang='lat' dir='ltr'><strong>respondent</strong></span> <span class='ocrx_word' id='word_1_17' title='bbox 2710 961 2886 1031; x_wconf 90' lang='lat' dir='ltr'><strong>iconi</strong></span> <span class='ocrx_word' id='word_1_18' title='bbox 2937 959 3325 1057; x_wconf 69' lang='lat' dir='ltr'><strong>Berkeleyi,</strong></span> <span class='ocrx_word' id='word_1_19' title='bbox 3372 973 3439 1033; x_wconf 88' lang='lat' dir='ltr'><strong>at</strong></span> <span class='ocrx_word' id='word_1_20' title='bbox 3486 963 3685 1062; x_wconf 89' lang='lat' dir='ltr'><strong>triplo</strong></span> 
     </span>
     <span class='ocr_line' id='line_1_4' title="bbox 641 1068 3685 1179; baseline 0.005 -39"><span class='ocrx_word' id='word_1_21' title='bbox 641 1068 783 1141; x_wconf 82' lang='lat' dir='ltr'><strong>fere</strong></span> <span class='ocrx_word' id='word_1_22' title='bbox 830 1071 1082 1142; x_wconf 88' lang='lat' dir='ltr'><strong>minora</strong></span> <span class='ocrx_word' id='word_1_23' title='bbox 1136 1083 1320 1157; x_wconf 89' lang='lat' dir='ltr'><strong>sunt,</strong></span> <span class='ocrx_word' id='word_1_24' title='bbox 1374 1097 1573 1171; x_wconf 82' lang='lat' dir='ltr'><strong>quam</strong></span> <span class='ocrx_word' id='word_1_25' title='bbox 1621 1097 1658 1142; x_wconf 88' lang='lat' dir='ltr'><strong>a</strong></span> <span class='ocrx_word' id='word_1_26' title='bbox 1709 1097 1819 1144; x_wconf 90' lang='lat' dir='ltr'><strong>me</strong></span> <span class='ocrx_word' id='word_1_27' title='bbox 1870 1073 1937 1144; x_wconf 92' lang='lat' dir='ltr'><strong>in</strong></span> <span class='ocrx_word' id='word_1_28' title='bbox 1990 1073 2161 1170; x_wconf 79' lang='lat' dir='ltr'><strong>Syn.</strong></span> <span class='ocrx_word' id='word_1_29' title='bbox 2216 1075 2491 1148; x_wconf 69' lang='lat' dir='ltr'><strong>Lentia.</strong></span> <span class='ocrx_word' id='word_1_30' title='bbox 2546 1075 2903 1177; x_wconf 90' lang='lat' dir='ltr'><strong>descripta.</strong></span> <span class='ocrx_word' id='word_1_31' title='bbox 3031 1075 3268 1177; x_wconf 84' lang='lat' dir='ltr'><strong>Stipes</strong></span> <span class='ocrx_word' id='word_1_32' title='bbox 3346 1080 3685 1179; x_wconf 82' lang='lat' dir='ltr'><strong>lignosus,</strong></span> 
     </span>
     <span class='ocr_line' id='line_1_5' title="bbox 606 1188 3684 1299; baseline 0.005 -41"><span class='ocrx_word' id='word_1_33' title='bbox 606 1200 862 1279; x_wconf 61' lang='lat' dir='ltr'><strong>tener,</strong></span> <span class='ocrx_word' id='word_1_34' title='bbox 924 1188 1222 1287; x_wconf 87' lang='lat' dir='ltr'><strong>aequalis</strong></span> <span class='ocrx_word' id='word_1_35' title='bbox 1276 1188 1316 1262; x_wconf 90' lang='lat' dir='ltr'><strong>l.</strong></span> <span class='ocrx_word' id='word_1_36' title='bbox 1364 1190 1513 1262; x_wconf 86' lang='lat' dir='ltr'><strong>basi</strong></span> <span class='ocrx_word' id='word_1_37' title='bbox 1553 1189 1844 1263; x_wconf 86' lang='lat' dir='ltr'><strong>bulbosa</strong></span> <span class='ocrx_word' id='word_1_38' title='bbox 1899 1190 2212 1279; x_wconf 87' lang='lat' dir='ltr'><strong>adnatus,</strong></span> <span class='ocrx_word' id='word_1_39' title='bbox 2259 1202 2303 1265; x_wconf 73' lang='lat'>2</span> <span class='ocrx_word' id='word_1_40' title='bbox 2356 1195 2459 1266; x_wconf 89' lang='lat' dir='ltr'><strong>lin.</strong></span> <span class='ocrx_word' id='word_1_41' title='bbox 2522 1221 2823 1281; x_wconf 87' lang='lat' dir='ltr'><strong>crassus,</strong></span> <span class='ocrx_word' id='word_1_42' title='bbox 2889 1196 3347 1294; x_wconf 72' lang='lat' dir='ltr'><strong>flisco-niger,</strong></span> <span class='ocrx_word' id='word_1_43' title='bbox 3419 1201 3684 1299; x_wconf 89' lang='lat' dir='ltr'><strong>impoli-</strong></span> 
     </span>
     <span class='ocr_line' id='line_1_6' title="bbox 639 1306 3681 1414; baseline 0.004 -37"><span class='ocrx_word' id='word_1_44' title='bbox 639 1319 777 1392; x_wconf 87' lang='lat' dir='ltr'><strong>tus,</strong></span> <span class='ocrx_word' id='word_1_45' title='bbox 828 1309 1022 1406; x_wconf 90' lang='lat' dir='ltr'><strong>apice</strong></span> <span class='ocrx_word' id='word_1_46' title='bbox 1070 1307 1381 1407; x_wconf 77' lang='lat' dir='ltr'>pallidior</span> <span class='ocrx_word' id='word_1_47' title='bbox 1427 1306 1822 1380; x_wconf 79' lang='lat' dir='ltr'><strong>furfurellus.</strong></span> <span class='ocrx_word' id='word_1_48' title='bbox 1923 1307 2157 1383; x_wconf 89' lang='lat' dir='ltr'><strong>Pileus</strong></span> <span class='ocrx_word' id='word_1_49' title='bbox 2207 1313 2592 1400; x_wconf 77' lang='lat' dir='ltr'><strong>coriaceus,</strong></span> <span class='ocrx_word' id='word_1_50' title='bbox 2647 1316 2898 1401; x_wconf 89' lang='lat' dir='ltr'><strong>tenuis,</strong></span> <span class='ocrx_word' id='word_1_51' title='bbox 2950 1314 3285 1414; x_wconf 85' lang='lat' dir='ltr'><strong>profunde</strong></span> <span class='ocrx_word' id='word_1_52' title='bbox 3337 1319 3681 1392; x_wconf 90' lang='lat' dir='ltr'><strong>umbilica-</strong></span> 
     </span>
     <span class='ocr_line' id='line_1_7' title="bbox 634 1425 3680 1535; baseline 0.005 -40"><span class='ocrx_word' id='word_1_53' title='bbox 634 1436 774 1509; x_wconf 72' lang='grc' dir='ltr'><strong>ωε,</strong></span> <span class='ocrx_word' id='word_1_54' title='bbox 826 1425 967 1500; x_wconf 83' lang='lat' dir='ltr'><strong>sere</strong></span> <span class='ocrx_word' id='word_1_55' title='bbox 1013 1425 1670 1512; x_wconf 79' lang='lat' dir='ltr'><strong>infundibuliformis‚</strong></span> <span class='ocrx_word' id='word_1_56' title='bbox 1723 1439 1789 1498; x_wconf 90' lang='lat' dir='ltr'><strong>at</strong></span> <span class='ocrx_word' id='word_1_57' title='bbox 1839 1431 2204 1528; x_wconf 83' lang='lat' dir='ltr'>marginem</span> <span class='ocrx_word' id='word_1_58' title='bbox 2232 1456 2470 1503; x_wconf 84' lang='lat' dir='ltr'><strong>versus</strong></span> <span class='ocrx_word' id='word_1_59' title='bbox 2500 1459 2847 1506; x_wconf 82' lang='lat' dir='ltr'><strong>convexus</strong></span> <span class='ocrx_word' id='word_1_60' title='bbox 2898 1446 2967 1506; x_wconf 90' lang='lat' dir='ltr'><strong>et</strong></span> <span class='ocrx_word' id='word_1_61' title='bbox 3008 1433 3379 1521; x_wconf 87' lang='lat' dir='ltr'><strong>involutus,</strong></span> <span class='ocrx_word' id='word_1_62' title='bbox 3430 1441 3503 1535; x_wconf 63' lang='lat'><strong>4-3-</strong></span> <span class='ocrx_word' id='word_1_63' title='bbox 3529 1463 3680 1510; x_wconf 90' lang='lat' dir='ltr'><strong>unc.</strong></span> 
     </span>
     <span class='ocr_line' id='line_1_8' title="bbox 636 1545 3680 1653; baseline 0.005 -38"><span class='ocrx_word' id='word_1_64' title='bbox 636 1545 840 1630; x_wconf 89' lang='lat' dir='ltr'><strong>latus,</strong></span> <span class='ocrx_word' id='word_1_65' title='bbox 883 1545 1265 1632; x_wconf 90' lang='lat' dir='ltr'><strong>umbrinus,</strong></span> <span class='ocrx_word' id='word_1_66' title='bbox 1315 1545 1866 1644; x_wconf 89' lang='lat' dir='ltr'><strong>piloso-crinitus.</strong></span> <span class='ocrx_word' id='word_1_67' title='bbox 1968 1545 2313 1621; x_wconf 89' lang='lat' dir='ltr'><strong>Lamellae</strong></span> <span class='ocrx_word' id='word_1_68' title='bbox 2362 1550 2947 1650; x_wconf 83' lang='lat' dir='ltr'><strong>subserrugineae‚</strong></span> <span class='ocrx_word' id='word_1_69' title='bbox 2995 1577 3232 1650; x_wconf 86' lang='lat' dir='ltr'><strong>parum</strong></span> <span class='ocrx_word' id='word_1_70' title='bbox 3257 1554 3680 1653; x_wconf 82' lang='lat' dir='ltr'><strong>inaequales,</strong></span> 
     </span>
    </p>
   </div>
   <div class='ocr_carea' id='block_1_4' title="bbox 634 1662 1093 1760">
    <p class='ocr_par' dir='ltr' id='par_1_4' title="bbox 634 1662 1093 1760">
     <span class='ocr_line' id='line_1_9' title="bbox 634 1662 1093 1760; baseline 0.004 -27"><span class='ocrx_word' id='word_1_71' title='bbox 634 1662 1093 1760; x_wconf 80' lang='lat' dir='ltr'><strong>glandulosae.</strong></span> 
     </span>
    </p>
   </div>
   <div class='ocr_carea' id='block_1_5' title="bbox 479 1805 2260 2027">
    <p class='ocr_par' dir='ltr' id='par_1_5' title="bbox 479 1805 2260 2027">
     <span class='ocr_line' id='line_1_10' title="bbox 479 1805 2258 1910; baseline 0.003 -34"><span class='ocrx_word' id='word_1_72' title='bbox 479 1815 532 1876; x_wconf 67' lang='lat'><strong>2.</strong></span> <span class='ocrx_word' id='word_1_73' title='bbox 646 1805 724 1878; x_wconf 88' lang='lat' dir='ltr'><strong>L.</strong></span> <span class='ocrx_word' id='word_1_74' title='bbox 782 1805 1145 1906; x_wconf 76' lang='lat' dir='ltr'>(CRINITI)</span> <span class='ocrx_word' id='word_1_75' title='bbox 1194 1806 1587 1884; x_wconf 77' lang='lat' dir='ltr'><strong>Bmmmu.</strong></span> <span class='ocrx_word' id='word_1_76' title='bbox 1696 1808 1935 1910; x_wconf 87' lang='lat' dir='ltr'><strong>Epicr.</strong></span> <span class='ocrx_word' id='word_1_77' title='bbox 1991 1833 2060 1909; x_wconf 90' lang='lat' dir='ltr'><strong>p.</strong></span> <span class='ocrx_word' id='word_1_78' title='bbox 2116 1816 2258 1883; x_wconf 88' lang='lat'><strong>387.</strong></span> 
     </span>
     <span class='ocr_line' id='line_1_11' title="bbox 738 1939 2260 2027; baseline 0.004 -8"><span class='ocrx_word' id='word_1_79' title='bbox 738 1944 862 2020; x_wconf 89' lang='lat' dir='ltr'><strong>Ad</strong></span> <span class='ocrx_word' id='word_1_80' title='bbox 906 1946 1054 2020; x_wconf 85' lang='lat' dir='ltr'><strong>San</strong></span> <span class='ocrx_word' id='word_1_81' title='bbox 1101 1946 1286 2021; x_wconf 87' lang='lat' dir='ltr'><strong>Joce</strong></span> <span class='ocrx_word' id='word_1_82' title='bbox 1329 1948 1403 2022; x_wconf 90' lang='lat' dir='ltr'><strong>in</strong></span> <span class='ocrx_word' id='word_1_83' title='bbox 1462 1950 1681 2025; x_wconf 84' lang='lat' dir='ltr'><strong>Costa</strong></span> <span class='ocrx_word' id='word_1_84' title='bbox 1732 1948 1928 2025; x_wconf 87' lang='lat' dir='ltr'><strong>Rica.</strong></span> <span class='ocrx_word' id='word_1_85' title='bbox 1992 1939 2260 2027; x_wconf 75' lang='lat' dir='ltr'><strong>O&#39;reted.</strong></span> 
     </span>
    </p>
   </div>
   <div class='ocr_carea' id='block_1_6' title="bbox 744 2085 3675 2198">
    <p class='ocr_par' dir='ltr' id='par_1_6' title="bbox 744 2085 3675 2198">
     <span class='ocr_line' id='line_1_12' title="bbox 744 2085 3675 2198; baseline 0.005 -37"><span class='ocrx_word' id='word_1_86' title='bbox 744 2085 941 2162; x_wconf 89' lang='lat' dir='ltr'><strong>Bene</strong></span> <span class='ocrx_word' id='word_1_87' title='bbox 996 2093 1310 2163; x_wconf 87' lang='lat' dir='ltr'><strong>convenit</strong></span> <span class='ocrx_word' id='word_1_88' title='bbox 1352 2119 1505 2166; x_wconf 89' lang='lat' dir='ltr'><strong>cum</strong></span> <span class='ocrx_word' id='word_1_89' title='bbox 1553 2093 1758 2192; x_wconf 82' lang='lat' dir='ltr'><strong>fungo</strong></span> <span class='ocrx_word' id='word_1_90' title='bbox 1818 2120 1904 2167; x_wconf 85' lang='lat' dir='ltr'><strong>ex</strong></span> <span class='ocrx_word' id='word_1_91' title='bbox 1956 2090 2223 2166; x_wconf 85' lang='lat' dir='ltr'><strong>Antillis</strong></span> <span class='ocrx_word' id='word_1_92' title='bbox 2277 2094 2435 2166; x_wconf 90' lang='lat' dir='ltr'><strong>olim</strong></span> <span class='ocrx_word' id='word_1_93' title='bbox 2487 2108 2769 2195; x_wconf 89' lang='lat' dir='ltr'><strong>recepto</strong></span> <span class='ocrx_word' id='word_1_94' title='bbox 2822 2106 2892 2168; x_wconf 93' lang='lat' dir='ltr'><strong>et</strong></span> <span class='ocrx_word' id='word_1_95' title='bbox 2933 2097 2997 2167; x_wconf 89' lang='lat' dir='ltr'><strong>in</strong></span> <span class='ocrx_word' id='word_1_96' title='bbox 3058 2091 3227 2198; x_wconf 84' lang='lat' dir='ltr'><strong>Syn.</strong></span> <span class='ocrx_word' id='word_1_97' title='bbox 3282 2095 3479 2173; x_wconf 88' lang='lat' dir='ltr'><strong>Lent.</strong></span> <span class='ocrx_word' id='word_1_98' title='bbox 3556 2101 3675 2175; x_wconf 91' lang='lat' dir='ltr'><strong>de-</strong></span> 
     </span>
    </p>
   </div>
   <div class='ocr_carea' id='block_1_7' title="bbox 632 2205 3676 2400">
    <p class='ocr_par' dir='ltr' id='par_1_7' title="bbox 632 2205 3676 2400">
     <span class='ocr_line' id='line_1_13' title="bbox 632 2205 3676 2314; baseline 0.004 -33"><span class='ocrx_word' id='word_1_99' title='bbox 632 2210 908 2307; x_wconf 77' lang='lat' dir='ltr'><strong>scripte.</strong></span> <span class='ocrx_word' id='word_1_100' title='bbox 989 2205 1437 2307; x_wconf 85' lang='lat' dir='ltr'><strong>Dignoscitur</strong></span> <span class='ocrx_word' id='word_1_101' title='bbox 1495 2214 1718 2311; x_wconf 82' lang='lat' dir='ltr'><strong>stipite</strong></span> <span class='ocrx_word' id='word_1_102' title='bbox 1784 2212 2070 2311; x_wconf 89' lang='lat' dir='ltr'><strong>pallido,</strong></span> <span class='ocrx_word' id='word_1_103' title='bbox 2120 2213 2369 2286; x_wconf 75' lang='lat' dir='ltr'><strong>fiirfure</strong></span> <span class='ocrx_word' id='word_1_104' title='bbox 2424 2211 2717 2285; x_wconf 87' lang='lat' dir='ltr'><strong>detersili</strong></span> <span class='ocrx_word' id='word_1_105' title='bbox 2790 2239 3165 2314; x_wconf 87' lang='lat' dir='ltr'><strong>consperso</strong></span> <span class='ocrx_word' id='word_1_106' title='bbox 3213 2242 3342 2289; x_wconf 90' lang='lat' dir='ltr'><strong>nec</strong></span> <span class='ocrx_word' id='word_1_107' title='bbox 3418 2220 3676 2295; x_wconf 85' lang='lat' dir='ltr'><strong>innato-</strong></span> 
     </span>
     <span class='ocr_line' id='line_1_14' title="bbox 640 2327 900 2400; baseline 0 -2"><span class='ocrx_word' id='word_1_108' title='bbox 640 2327 900 2400; x_wconf 86' lang='lat' dir='ltr'><strong>villoso.</strong></span> 
     </span>
    </p>
   </div>
   <div class='ocr_carea' id='block_1_8' title="bbox 477 2464 3673 2662">
    <p class='ocr_par' dir='ltr' id='par_1_8' title="bbox 477 2464 3673 2662">
     <span class='ocr_line' id='line_1_15' title="bbox 477 2464 3673 2578; baseline 0.003 -37"><span class='ocrx_word' id='word_1_109' title='bbox 477 2475 532 2541; x_wconf 81' lang='lat'><strong>3.</strong></span> <span class='ocrx_word' id='word_1_110' title='bbox 584 2467 670 2541; x_wconf 89' lang='lat' dir='ltr'><strong>L.</strong></span> <span class='ocrx_word' id='word_1_111' title='bbox 728 2468 1093 2569; x_wconf 72' lang='lat' dir='ltr'><strong>(Cmnrrl)</strong></span> <span class='ocrx_word' id='word_1_112' title='bbox 1139 2467 1559 2545; x_wconf 70' lang='lat' dir='ltr'><strong>anom‘rm.</strong></span> <span class='ocrx_word' id='word_1_113' title='bbox 1665 2468 1906 2570; x_wconf 87' lang='lat' dir='ltr'><strong>Epicr.</strong></span> <span class='ocrx_word' id='word_1_114' title='bbox 1968 2494 2037 2569; x_wconf 91' lang='lat' dir='ltr'><strong>p.</strong></span> <span class='ocrx_word' id='word_1_115' title='bbox 2093 2477 2235 2544; x_wconf 88' lang='lat'><strong>388.</strong></span> <span class='ocrx_word' id='word_1_116' title='bbox 2296 2464 2524 2542; x_wconf 89' lang='lat' dir='ltr'><strong>Mont.</strong></span> <span class='ocrx_word' id='word_1_117' title='bbox 2582 2467 2762 2543; x_wconf 89' lang='lat' dir='ltr'><strong>Cub.</strong></span> <span class='ocrx_word' id='word_1_118' title='bbox 2813 2495 2879 2570; x_wconf 90' lang='lat' dir='ltr'><strong>p.</strong></span> <span class='ocrx_word' id='word_1_119' title='bbox 2938 2478 3007 2545; x_wconf 69' lang='lat'><strong>4⁴</strong></span> <span class='ocrx_word' id='word_1_120' title='bbox 3021 2480 3079 2546; x_wconf 93' lang='grc'><strong>7.</strong></span> <span class='ocrx_word' id='word_1_121' title='bbox 3138 2473 3228 2546; x_wconf 87' lang='grc' dir='ltr'><strong>Α.</strong></span> <span class='ocrx_word' id='word_1_122' title='bbox 3281 2503 3673 2578; x_wconf 76' lang='lat' dir='ltr'><strong>macrospa-</strong></span> 
     </span>
     <span class='ocr_line' id='line_1_16' title="bbox 633 2585 1406 2662; baseline 0.001 -2"><span class='ocrx_word' id='word_1_123' title='bbox 633 2617 775 2661; x_wconf 75' lang='lat' dir='ltr'><strong>rus.</strong></span> <span class='ocrx_word' id='word_1_124' title='bbox 829 2585 1051 2661; x_wconf 89' lang='lat' dir='ltr'><strong>Mont.</strong></span> <span class='ocrx_word' id='word_1_125' title='bbox 1105 2587 1300 2662; x_wconf 88' lang='lat' dir='ltr'><strong>Cent.</strong></span> <span class='ocrx_word' id='word_1_126' title='bbox 1349 2594 1406 2661; x_wconf 77' lang='grc'><strong>4.</strong></span> 
     </span>
    </p>
   </div>
   <div class='ocr_carea' id='block_1_9' title="bbox 624 2731 3673 3310">
    <p class='ocr_par' dir='ltr' id='par_1_9' title="bbox 624 2731 3673 3310">
     <span class='ocr_line' id='line_1_17' title="bbox 733 2731 3673 2838; baseline 0.002 -31"><span class='ocrx_word' id='word_1_127' title='bbox 733 2731 850 2807; x_wconf 88' lang='lat' dir='ltr'><strong>Ad</strong></span> <span class='ocrx_word' id='word_1_128' title='bbox 899 2734 1074 2807; x_wconf 89' lang='lat' dir='ltr'><strong>hanc</strong></span> <span class='ocrx_word' id='word_1_129' title='bbox 1123 2734 1251 2808; x_wconf 89' lang='lat' dir='ltr'><strong>late</strong></span> <span class='ocrx_word' id='word_1_130' title='bbox 1312 2733 1688 2834; x_wconf 81' lang='lat' dir='ltr'><strong>dispersam</strong></span> <span class='ocrx_word' id='word_1_131' title='bbox 1763 2734 2065 2833; x_wconf 88' lang='lat' dir='ltr'><strong>speciem</strong></span> <span class='ocrx_word' id='word_1_132' title='bbox 2139 2733 2424 2806; x_wconf 79' lang='lat' dir='ltr'><strong>referam</strong></span> <span class='ocrx_word' id='word_1_133' title='bbox 2496 2736 2841 2833; x_wconf 85' lang='lat' dir='ltr'><strong>specimen</strong></span> <span class='ocrx_word' id='word_1_134' title='bbox 2901 2735 2988 2807; x_wconf 91' lang='lat' dir='ltr'><strong>ad</strong></span> <span class='ocrx_word' id='word_1_135' title='bbox 3062 2733 3405 2825; x_wconf 91' lang='lat' dir='ltr'><strong>Mirador‚</strong></span> <span class='ocrx_word' id='word_1_136' title='bbox 3484 2743 3673 2838; x_wconf 87' lang='lat' dir='ltr'><strong>regni</strong></span> 
     </span>
     <span class='ocr_line' id='line_1_18' title="bbox 633 2850 3671 2951; baseline 0.001 -26"><span class='ocrx_word' id='word_1_137' title='bbox 633 2850 1013 2942; x_wconf 81' lang='lat' dir='ltr'><strong>Mexicani,</strong></span> <span class='ocrx_word' id='word_1_138' title='bbox 1065 2880 1104 2926; x_wconf 91' lang='lat' dir='ltr'><strong>a</strong></span> <span class='ocrx_word' id='word_1_139' title='bbox 1157 2851 1304 2927; x_wconf 92' lang='lat' dir='ltr'><strong>Cel.</strong></span> <span class='ocrx_word' id='word_1_140' title='bbox 1360 2850 1784 2925; x_wconf 81' lang='lat' dir='ltr'><strong>Liebmamzo</strong></span> <span class='ocrx_word' id='word_1_141' title='bbox 1835 2852 2117 2939; x_wconf 87' lang='lat' dir='ltr'><strong>lectum,</strong></span> <span class='ocrx_word' id='word_1_142' title='bbox 2196 2863 2567 2939; x_wconf 87' lang='lat' dir='ltr'><strong>vetustum,</strong></span> <span class='ocrx_word' id='word_1_143' title='bbox 2642 2853 2825 2951; x_wconf 90' lang='lat' dir='ltr'><strong>pileo</strong></span> <span class='ocrx_word' id='word_1_144' title='bbox 2891 2856 3160 2929; x_wconf 85' lang='lat' dir='ltr'><strong>exoleto</strong></span> <span class='ocrx_word' id='word_1_145' title='bbox 3236 2860 3671 2931; x_wconf 67' lang='lat' dir='ltr'><strong>canescente!</strong></span> 
     </span>
     <span class='ocr_line' id='line_1_19' title="bbox 628 2969 3673 3070; baseline 0.001 -25"><span class='ocrx_word' id='word_1_146' title='bbox 628 2969 1099 3046; x_wconf 89' lang='lat' dir='ltr'><strong>Indumentum</strong></span> <span class='ocrx_word' id='word_1_147' title='bbox 1145 2973 1384 3070; x_wconf 89' lang='lat' dir='ltr'><strong>stipitis</strong></span> <span class='ocrx_word' id='word_1_148' title='bbox 1437 2972 1722 3044; x_wconf 87' lang='lat' dir='ltr'><strong>densum</strong></span> <span class='ocrx_word' id='word_1_149' title='bbox 1774 2970 2406 3045; x_wconf 85' lang='lat' dir='ltr'><strong>setoso-velutinum</strong></span> <span class='ocrx_word' id='word_1_150' title='bbox 2468 2972 2666 3045; x_wconf 89' lang='lat' dir='ltr'><strong>etiam</strong></span> <span class='ocrx_word' id='word_1_151' title='bbox 2717 2973 2984 3070; x_wconf 89' lang='lat' dir='ltr'><strong>postice</strong></span> <span class='ocrx_word' id='word_1_152' title='bbox 3056 2975 3122 3046; x_wconf 90' lang='lat' dir='ltr'><strong>in</strong></span> <span class='ocrx_word' id='word_1_153' title='bbox 3205 2973 3499 3047; x_wconf 88' lang='lat' dir='ltr'><strong>lamellas</strong></span> <span class='ocrx_word' id='word_1_154' title='bbox 3553 2975 3673 3047; x_wconf 90' lang='lat' dir='ltr'><strong>ad-</strong></span> 
     </span>
     <span class='ocr_line' id='line_1_20' title="bbox 627 3085 3667 3193; baseline 0.001 -29"><span class='ocrx_word' id='word_1_155' title='bbox 627 3091 984 3177; x_wconf 89' lang='lat' dir='ltr'><strong>scendens,</strong></span> <span class='ocrx_word' id='word_1_156' title='bbox 1027 3102 1103 3162; x_wconf 88' lang='lat' dir='ltr'><strong>ut</strong></span> <span class='ocrx_word' id='word_1_157' title='bbox 1152 3091 1219 3162; x_wconf 90' lang='lat' dir='ltr'><strong>in</strong></span> <span class='ocrx_word' id='word_1_158' title='bbox 1271 3089 1358 3161; x_wconf 92' lang='lat' dir='ltr'><strong>L.</strong></span> <span class='ocrx_word' id='word_1_159' title='bbox 1386 3090 1607 3186; x_wconf 82' lang='lat' dir='ltr'><strong>fulvo</strong></span> <span class='ocrx_word' id='word_1_160' title='bbox 1658 3087 1869 3163; x_wconf 89' lang='lat' dir='ltr'><strong>Berk.</strong></span> <span class='ocrx_word' id='word_1_161' title='bbox 1920 3087 2114 3188; x_wconf 86' lang='lat' dir='ltr'><strong>Mag.</strong></span> <span class='ocrx_word' id='word_1_162' title='bbox 2164 3085 2325 3161; x_wconf 89' lang='lat' dir='ltr'><strong>Nat.</strong></span> <span class='ocrx_word' id='word_1_163' title='bbox 2378 3086 2555 3160; x_wconf 84' lang='lat' dir='ltr'><strong>Hist.</strong></span> <span class='ocrx_word' id='word_1_164' title='bbox 2613 3086 2705 3161; x_wconf 92' lang='lat' dir='ltr'><strong>X.</strong></span> <span class='ocrx_word' id='word_1_165' title='bbox 2736 3101 2779 3161; x_wconf 87' lang='lat' dir='ltr'><strong>t.</strong></span> <span class='ocrx_word' id='word_1_166' title='bbox 2811 3097 2884 3177; x_wconf 85' lang='lat'><strong>9,</strong></span> <span class='ocrx_word' id='word_1_167' title='bbox 2931 3093 3038 3163; x_wconf 90' lang='lat' dir='ltr'><strong>cui</strong></span> <span class='ocrx_word' id='word_1_168' title='bbox 3083 3094 3428 3191; x_wconf 89' lang='lat' dir='ltr'><strong>specimen</strong></span> <span class='ocrx_word' id='word_1_169' title='bbox 3470 3121 3667 3193; x_wconf 90' lang='lat' dir='ltr'><strong>prae-</strong></span> 
     </span>
     <span class='ocr_line' id='line_1_21' title="bbox 624 3206 2750 3310; baseline -0.001 -27"><span class='ocrx_word' id='word_1_170' title='bbox 624 3237 785 3283; x_wconf 90' lang='lat' dir='ltr'><strong>sens</strong></span> <span class='ocrx_word' id='word_1_171' title='bbox 832 3213 1059 3310; x_wconf 89' lang='lat' dir='ltr'><strong>potius</strong></span> <span class='ocrx_word' id='word_1_172' title='bbox 1110 3208 1336 3281; x_wconf 81' lang='lat' dir='ltr'><strong>forsan</strong></span> <span class='ocrx_word' id='word_1_173' title='bbox 1388 3207 1850 3295; x_wconf 82' lang='lat' dir='ltr'><strong>referendum,</strong></span> <span class='ocrx_word' id='word_1_174' title='bbox 1898 3209 2056 3281; x_wconf 88' lang='lat' dir='ltr'><strong>licet</strong></span> <span class='ocrx_word' id='word_1_175' title='bbox 2106 3208 2374 3281; x_wconf 88' lang='lat' dir='ltr'><strong>colores</strong></span> <span class='ocrx_word' id='word_1_176' title='bbox 2431 3206 2750 3280; x_wconf 87' lang='lat' dir='ltr'><strong>differant.</strong></span> 
     </span>
    </p>
   </div>
   <div class='ocr_carea' id='block_1_10' title="bbox 478 3350 3666 3572">
    <p class='ocr_par' dir='ltr' id='par_1_10' title="bbox 478 3350 3666 3572">
     <span class='ocr_line' id='line_1_22' title="bbox 478 3350 3666 3454; baseline 0.001 -29"><span class='ocrx_word' id='word_1_177' title='bbox 478 3361 535 3425; x_wconf 70' lang='lat'><strong>4.</strong></span> <span class='ocrx_word' id='word_1_178' title='bbox 646 3351 726 3425; x_wconf 91' lang='lat' dir='ltr'><strong>L.</strong></span> <span class='ocrx_word' id='word_1_179' title='bbox 780 3352 1148 3453; x_wconf 73' lang='lat' dir='ltr'><strong>(Cnmrrl)</strong></span> <span class='ocrx_word' id='word_1_180' title='bbox 1199 3377 1580 3430; x_wconf 71' lang='lat' dir='ltr'><strong>vatosus.</strong></span> <span class='ocrx_word' id='word_1_181' title='bbox 1710 3355 1882 3453; x_wconf 79' lang='lat' dir='ltr'><strong>Syn.</strong></span> <span class='ocrx_word' id='word_1_182' title='bbox 1934 3353 2135 3425; x_wconf 79' lang='lat' dir='ltr'><strong>Lent.</strong></span> <span class='ocrx_word' id='word_1_183' title='bbox 2171 3380 2257 3454; x_wconf 87' lang='lat' dir='ltr'><strong>p.</strong></span> <span class='ocrx_word' id='word_1_184' title='bbox 2308 3355 2370 3427; x_wconf 74' lang='grc' dir='ltr'><strong>ὅ.</strong></span> <span class='ocrx_word' id='word_1_185' title='bbox 2420 3350 2654 3454; x_wconf 87' lang='lat' dir='ltr'><strong>Epicr.</strong></span> <span class='ocrx_word' id='word_1_186' title='bbox 2704 3381 2770 3453; x_wconf 88' lang='lat' dir='ltr'><strong>p.</strong></span> <span class='ocrx_word' id='word_1_187' title='bbox 2818 3360 2959 3427; x_wconf 88' lang='grc'><strong>388.</strong></span> <span class='ocrx_word' id='word_1_188' title='bbox 3035 3351 3244 3429; x_wconf 85' lang='lat' dir='ltr'><strong>Berk.</strong></span> <span class='ocrx_word' id='word_1_189' title='bbox 3297 3357 3336 3429; x_wconf 94' lang='lat' dir='ltr'><strong>l.</strong></span> <span class='ocrx_word' id='word_1_190' title='bbox 3392 3385 3449 3431; x_wconf 94' lang='lat' dir='ltr'><strong>c.</strong></span> <span class='ocrx_word' id='word_1_191' title='bbox 3502 3388 3564 3432; x_wconf 90' lang='lat' dir='ltr'><strong>n.</strong></span> <span class='ocrx_word' id='word_1_192' title='bbox 3608 3368 3666 3432; x_wconf 91' lang='lat'><strong>8.</strong></span> 
     </span>
     <span class='ocr_line' id='line_1_23' title="bbox 622 3468 2143 3572; baseline -0.001 -29"><span class='ocrx_word' id='word_1_193' title='bbox 622 3472 824 3545; x_wconf 81' lang='lat' dir='ltr'><strong>Lent.</strong></span> <span class='ocrx_word' id='word_1_194' title='bbox 876 3489 1211 3572; x_wconf 76' lang='lat' dir='ltr'><strong>stuppeus</strong></span> <span class='ocrx_word' id='word_1_195' title='bbox 1265 3468 1623 3545; x_wconf 81' lang='lat' dir='ltr'><strong>Klotzsch</strong></span> <span class='ocrx_word' id='word_1_196' title='bbox 1672 3471 1747 3545; x_wconf 89' lang='lat' dir='ltr'><strong>in</strong></span> <span class='ocrx_word' id='word_1_197' title='bbox 1798 3470 2003 3546; x_wconf 84' lang='lat' dir='ltr'><strong>Linn.</strong></span> <span class='ocrx_word' id='word_1_198' title='bbox 2051 3470 2143 3543; x_wconf 91' lang='lat' dir='ltr'><strong>X.</strong></span> 
     </span>
    </p>
   </div>
   <div class='ocr_carea' id='block_1_11' title="bbox 726 3596 2262 3686">
    <p class='ocr_par' dir='ltr' id='par_1_11' title="bbox 726 3596 2262 3686">
     <span class='ocr_line' id='line_1_24' title="bbox 726 3596 2262 3686; baseline -0.002 -2"><span class='ocrx_word' id='word_1_199' title='bbox 726 3610 791 3683; x_wconf 87' lang='lat' dir='ltr'>E</span> <span class='ocrx_word' id='word_1_200' title='bbox 842 3611 1063 3684; x_wconf 85' lang='lat' dir='ltr'><strong>Costa</strong></span> <span class='ocrx_word' id='word_1_201' title='bbox 1112 3610 1291 3685; x_wconf 85' lang='lat' dir='ltr'><strong>Rica</strong></span> <span class='ocrx_word' id='word_1_202' title='bbox 1339 3610 1432 3685; x_wconf 89' lang='lat' dir='ltr'><strong>ad</strong></span> <span class='ocrx_word' id='word_1_203' title='bbox 1486 3612 1633 3686; x_wconf 89' lang='lat' dir='ltr'><strong>San</strong></span> <span class='ocrx_word' id='word_1_204' title='bbox 1684 3613 1879 3685; x_wconf 88' lang='lat' dir='ltr'><strong>loce.</strong></span> <span class='ocrx_word' id='word_1_205' title='bbox 1996 3596 2262 3682; x_wconf 74' lang='lat' dir='ltr'><strong>O&#39;rsted.</strong></span> 
     </span>
    </p>
   </div>
   <div class='ocr_carea' id='block_1_12' title="bbox 624 3756 3666 4099">
    <p class='ocr_par' dir='ltr' id='par_1_12' title="bbox 624 3756 3666 4099">
     <span class='ocr_line' id='line_1_25' title="bbox 731 3756 3666 3859; baseline 0.001 -25"><span class='ocrx_word' id='word_1_206' title='bbox 731 3759 1341 3834; x_wconf 84' lang='lat' dir='ltr'><strong>Commutationem</strong></span> <span class='ocrx_word' id='word_1_207' title='bbox 1393 3763 1732 3833; x_wconf 89' lang='lat' dir='ltr'><strong>nominum</strong></span> <span class='ocrx_word' id='word_1_208' title='bbox 1782 3759 2071 3831; x_wconf 79' lang='lat' dir='ltr'><strong>Lentini</strong></span> <span class='ocrx_word' id='word_1_209' title='bbox 2102 3757 2323 3829; x_wconf 71' lang='lat' dir='ltr'><strong>villosi</strong></span> <span class='ocrx_word' id='word_1_210' title='bbox 2373 3768 2441 3830; x_wconf 92' lang='lat' dir='ltr'><strong>et</strong></span> <span class='ocrx_word' id='word_1_211' title='bbox 2491 3766 2802 3857; x_wconf 74' lang='lat' dir='ltr'><strong>stuppei,</strong></span> <span class='ocrx_word' id='word_1_212' title='bbox 2853 3760 2985 3855; x_wconf 89' lang='lat' dir='ltr'><strong>jam</strong></span> <span class='ocrx_word' id='word_1_213' title='bbox 3039 3760 3102 3830; x_wconf 92' lang='lat' dir='ltr'><strong>in</strong></span> <span class='ocrx_word' id='word_1_214' title='bbox 3155 3756 3448 3859; x_wconf 88' lang='lat' dir='ltr'><strong>Epicrisi</strong></span> <span class='ocrx_word' id='word_1_215' title='bbox 3495 3763 3666 3836; x_wconf 91' lang='lat' dir='ltr'><strong>odo·</strong></span> 
     </span>
     <span class='ocr_line' id='line_1_26' title="bbox 624 3873 3666 3980; baseline 0 -27"><span class='ocrx_word' id='word_1_216' title='bbox 624 3894 868 3965; x_wconf 86' lang='lat' dir='ltr'><strong>ratam,</strong></span> <span class='ocrx_word' id='word_1_217' title='bbox 922 3892 1054 3953; x_wconf 87' lang='lat' dir='ltr'><strong>tam</strong></span> <span class='ocrx_word' id='word_1_218' title='bbox 1104 3882 1273 3953; x_wconf 90' lang='lat' dir='ltr'><strong>inter</strong></span> <span class='ocrx_word' id='word_1_219' title='bbox 1335 3905 1445 3967; x_wconf 88' lang='lat' dir='ltr'><strong>se,</strong></span> <span class='ocrx_word' id='word_1_220' title='bbox 1504 3906 1704 3979; x_wconf 87' lang='lat' dir='ltr'><strong>quam</strong></span> <span class='ocrx_word' id='word_1_221' title='bbox 1759 3904 1909 3950; x_wconf 91' lang='lat' dir='ltr'><strong>cum</strong></span> <span class='ocrx_word' id='word_1_222' title='bbox 1958 3874 2042 3949; x_wconf 93' lang='lat' dir='ltr'><strong>L.</strong></span> <span class='ocrx_word' id='word_1_223' title='bbox 2097 3874 2448 3975; x_wconf 88' lang='lat' dir='ltr'><strong>nigripede</strong></span> <span class='ocrx_word' id='word_1_224' title='bbox 2501 3878 2815 3974; x_wconf 81' lang='lat' dir='ltr'><strong>exposuit</strong></span> <span class='ocrx_word' id='word_1_225' title='bbox 2867 3873 3013 3949; x_wconf 88' lang='lat' dir='ltr'><strong>Cel.</strong></span> <span class='ocrx_word' id='word_1_226' title='bbox 3049 3879 3408 3978; x_wconf 72' lang='lat' dir='ltr'><strong>Bet-keley,</strong></span> <span class='ocrx_word' id='word_1_227' title='bbox 3460 3907 3666 3980; x_wconf 83' lang='lat' dir='ltr'><strong>quare</strong></span> 
     </span>
     <span class='ocr_line' id='line_1_27' title="bbox 624 3994 3102 4099; baseline -0.001 -29"><span class='ocrx_word' id='word_1_228' title='bbox 624 3999 965 4099; x_wconf 75' lang='lat' dir='ltr'><strong>Synopsis</strong></span> <span class='ocrx_word' id='word_1_229' title='bbox 1018 3998 1473 4071; x_wconf 79' lang='lat' dir='ltr'><strong>Lentinorum</strong></span> <span class='ocrx_word' id='word_1_230' title='bbox 1533 4010 1869 4096; x_wconf 89' lang='lat' dir='ltr'><strong>tamquam</strong></span> <span class='ocrx_word' id='word_1_231' title='bbox 1924 3997 2217 4067; x_wconf 88' lang='lat' dir='ltr'><strong>omnium</strong></span> <span class='ocrx_word' id='word_1_232' title='bbox 2271 3994 2422 4067; x_wconf 81' lang='lat' dir='ltr'><strong>fons</strong></span> <span class='ocrx_word' id='word_1_233' title='bbox 2475 3994 2782 4067; x_wconf 88' lang='lat' dir='ltr'><strong>definitus</strong></span> <span class='ocrx_word' id='word_1_234' title='bbox 2824 3994 3102 4067; x_wconf 90' lang='lat' dir='ltr'><strong>citanda.</strong></span> 
     </span>
    </p>
   </div>
   <div class='ocr_carea' id='block_1_13' title="bbox 464 4163 2632 4407">
    <p class='ocr_par' dir='ltr' id='par_1_13' title="bbox 464 4163 2632 4407">
     <span class='ocr_line' id='line_1_28' title="bbox 464 4163 2295 4267; baseline -0.001 -28"><span class='ocrx_word' id='word_1_235' title='bbox 464 4175 517 4240; x_wconf 82' lang='lat'><strong>5.</strong></span> <span class='ocrx_word' id='word_1_236' title='bbox 622 4167 708 4240; x_wconf 91' lang='lat' dir='ltr'><strong>L.</strong></span> <span class='ocrx_word' id='word_1_237' title='bbox 763 4167 1131 4267; x_wconf 68' lang='grc' dir='ltr'><strong>(ΟΜΝΗ-ι)</strong></span> <span class='ocrx_word' id='word_1_238' title='bbox 1185 4189 1625 4242; x_wconf 76' lang='lat' dir='ltr'><strong>cmnnosus.</strong></span> <span class='ocrx_word' id='word_1_239' title='bbox 1732 4163 1970 4264; x_wconf 91' lang='lat' dir='ltr'><strong>Epicr.</strong></span> <span class='ocrx_word' id='word_1_240' title='bbox 2026 4189 2095 4264; x_wconf 89' lang='lat' dir='ltr'><strong>p.</strong></span> <span class='ocrx_word' id='word_1_241' title='bbox 2154 4170 2295 4238; x_wconf 89' lang='lat'><strong>388.</strong></span> 
     </span>
     <span class='ocr_line' id='line_1_29' title="bbox 724 4300 2632 4407; baseline -0.002 -28"><span class='ocrx_word' id='word_1_242' title='bbox 724 4305 850 4380; x_wconf 91' lang='lat' dir='ltr'><strong>Ad</strong></span> <span class='ocrx_word' id='word_1_243' title='bbox 899 4314 1167 4379; x_wconf 87' lang='lat' dir='ltr'><strong>terram</strong></span> <span class='ocrx_word' id='word_1_244' title='bbox 1218 4303 1628 4407; x_wconf 84' lang='lat' dir='ltr'><strong>glareosam</strong></span> <span class='ocrx_word' id='word_1_245' title='bbox 1673 4302 1746 4376; x_wconf 90' lang='lat' dir='ltr'><strong>in</strong></span> <span class='ocrx_word' id='word_1_246' title='bbox 1799 4300 2105 4376; x_wconf 88' lang='lat' dir='ltr'><strong>Guinea.</strong></span> <span class='ocrx_word' id='word_1_247' title='bbox 2164 4302 2341 4400; x_wconf 76' lang='lat' dir='ltr'><strong>Afz.</strong></span> <span class='ocrx_word' id='word_1_248' title='bbox 2396 4311 2479 4374; x_wconf 83' lang='lat' dir='ltr'><strong>ic.</strong></span> <span class='ocrx_word' id='word_1_249' title='bbox 2532 4311 2632 4375; x_wconf 77' lang='lat'><strong>21.</strong></span> 
     </span>
    </p>
   </div>
   <div class='ocr_carea' id='block_1_14' title="bbox 614 4447 3660 5263">
    <p class='ocr_par' dir='ltr' id='par_1_14' title="bbox 614 4447 3660 5263">
     <span class='ocr_line' id='line_1_30' title="bbox 718 4447 3660 4554; baseline -0.002 -26"><span class='ocrx_word' id='word_1_250' title='bbox 718 4454 1081 4528; x_wconf 85' lang='lat' dir='ltr'><strong>Proximus</strong></span> <span class='ocrx_word' id='word_1_251' title='bbox 1133 4454 1220 4525; x_wconf 92' lang='lat' dir='ltr'><strong>L.</strong></span> <span class='ocrx_word' id='word_1_252' title='bbox 1272 4470 1592 4554; x_wconf 80' lang='lat' dir='ltr'><strong>stuppeo,</strong></span> <span class='ocrx_word' id='word_1_253' title='bbox 1644 4450 1894 4524; x_wconf 85' lang='lat' dir='ltr'><strong>fibrillis</strong></span> <span class='ocrx_word' id='word_1_254' title='bbox 1946 4476 2110 4523; x_wconf 88' lang='lat' dir='ltr'><strong>vero</strong></span> <span class='ocrx_word' id='word_1_255' title='bbox 2163 4450 2319 4548; x_wconf 86' lang='lat' dir='ltr'><strong>pilei</strong></span> <span class='ocrx_word' id='word_1_256' title='bbox 2390 4447 2592 4534; x_wconf 81' lang='lat' dir='ltr'><strong>laxis,</strong></span> <span class='ocrx_word' id='word_1_257' title='bbox 2643 4447 2918 4523; x_wconf 89' lang='lat' dir='ltr'><strong>lamellis</strong></span> <span class='ocrx_word' id='word_1_258' title='bbox 2972 4449 3406 4535; x_wconf 89' lang='lat' dir='ltr'><strong>dichotomis,</strong></span> <span class='ocrx_word' id='word_1_259' title='bbox 3465 4476 3660 4548; x_wconf 83' lang='lat' dir='ltr'><strong>prae-</strong></span> 
     </span>
     <span class='ocr_line' id='line_1_31' title="bbox 620 4565 3660 4673; baseline -0.002 -27"><span class='ocrx_word' id='word_1_260' title='bbox 620 4577 817 4673; x_wconf 91' lang='lat' dir='ltr'><strong>cipue</strong></span> <span class='ocrx_word' id='word_1_261' title='bbox 868 4599 1034 4646; x_wconf 86' lang='lat' dir='ltr'><strong>vero</strong></span> <span class='ocrx_word' id='word_1_262' title='bbox 1086 4571 1310 4645; x_wconf 90' lang='lat' dir='ltr'><strong>radice</strong></span> <span class='ocrx_word' id='word_1_263' title='bbox 1362 4583 1431 4644; x_wconf 88' lang='lat' dir='ltr'><strong>et</strong></span> <span class='ocrx_word' id='word_1_264' title='bbox 1481 4571 1720 4667; x_wconf 86' lang='lat' dir='ltr'><strong>stipitis</strong></span> <span class='ocrx_word' id='word_1_265' title='bbox 1770 4568 2157 4641; x_wconf 89' lang='lat' dir='ltr'><strong>indumento</strong></span> <span class='ocrx_word' id='word_1_266' title='bbox 2210 4566 2555 4663; x_wconf 88' lang='lat' dir='ltr'><strong>insigniter</strong></span> <span class='ocrx_word' id='word_1_267' title='bbox 2610 4565 2843 4640; x_wconf 85' lang='lat' dir='ltr'><strong>differt.</strong></span> <span class='ocrx_word' id='word_1_268' title='bbox 2976 4565 3274 4654; x_wconf 87' lang='lat' dir='ltr'><strong>Parvus,</strong></span> <span class='ocrx_word' id='word_1_269' title='bbox 3321 4595 3449 4641; x_wconf 87' lang='lat' dir='ltr'><strong>una</strong></span> <span class='ocrx_word' id='word_1_270' title='bbox 3507 4597 3660 4643; x_wconf 91' lang='lat' dir='ltr'><strong>cum</strong></span> 
     </span>
     <span class='ocr_line' id='line_1_32' title="bbox 620 4682 3659 4789; baseline -0.002 -25"><span class='ocrx_word' id='word_1_271' title='bbox 620 4692 843 4764; x_wconf 87' lang='lat' dir='ltr'><strong>radice</strong></span> <span class='ocrx_word' id='word_1_272' title='bbox 888 4700 930 4763; x_wconf 70' lang='grc' dir='ltr'><strong>Ω</strong></span> <span class='ocrx_word' id='word_1_273' title='bbox 974 4717 1121 4763; x_wconf 90' lang='lat' dir='ltr'><strong>unc.</strong></span> <span class='ocrx_word' id='word_1_274' title='bbox 1154 4690 1417 4789; x_wconf 89' lang='lat' dir='ltr'><strong>longus,</strong></span> <span class='ocrx_word' id='word_1_275' title='bbox 1468 4687 2012 4762; x_wconf 87' lang='lat' dir='ltr'><strong>fusco-murinus.</strong></span> <span class='ocrx_word' id='word_1_276' title='bbox 2116 4682 2345 4757; x_wconf 82' lang='lat' dir='ltr'><strong>Radix</strong></span> <span class='ocrx_word' id='word_1_277' title='bbox 2390 4682 2531 4756; x_wconf 86' lang='lat' dir='ltr'><strong>sere</strong></span> <span class='ocrx_word' id='word_1_278' title='bbox 2582 4685 2889 4771; x_wconf 89' lang='lat' dir='ltr'><strong>uncialis,</strong></span> <span class='ocrx_word' id='word_1_279' title='bbox 2939 4687 3164 4785; x_wconf 89' lang='lat' dir='ltr'><strong>stipite</strong></span> <span class='ocrx_word' id='word_1_280' title='bbox 3213 4686 3422 4786; x_wconf 91' lang='lat' dir='ltr'><strong>duplo</strong></span> <span class='ocrx_word' id='word_1_281' title='bbox 3467 4688 3507 4759; x_wconf 94' lang='lat' dir='ltr'><strong>l.</strong></span> <span class='ocrx_word' id='word_1_282' title='bbox 3546 4690 3659 4760; x_wconf 86' lang='lat' dir='ltr'><strong>tri·</strong></span> 
     </span>
     <span class='ocr_line' id='line_1_33' title="bbox 617 4802 3660 4910; baseline -0.001 -29"><span class='ocrx_word' id='word_1_283' title='bbox 617 4811 733 4910; x_wconf 90' lang='lat' dir='ltr'><strong>plo</strong></span> <span class='ocrx_word' id='word_1_284' title='bbox 787 4811 1112 4896; x_wconf 88' lang='lat' dir='ltr'><strong>crassior,</strong></span> <span class='ocrx_word' id='word_1_285' title='bbox 1166 4808 1451 4894; x_wconf 87' lang='lat' dir='ltr'><strong>clavata,</strong></span> <span class='ocrx_word' id='word_1_286' title='bbox 1499 4809 1674 4879; x_wconf 88' lang='lat' dir='ltr'><strong>intus</strong></span> <span class='ocrx_word' id='word_1_287' title='bbox 1727 4833 1880 4879; x_wconf 89' lang='lat' dir='ltr'><strong>cum</strong></span> <span class='ocrx_word' id='word_1_288' title='bbox 1933 4805 2156 4904; x_wconf 87' lang='lat' dir='ltr'><strong>stipite</strong></span> <span class='ocrx_word' id='word_1_289' title='bbox 2203 4802 2541 4890; x_wconf 88' lang='lat' dir='ltr'><strong>similaris,</strong></span> <span class='ocrx_word' id='word_1_290' title='bbox 2595 4802 2720 4876; x_wconf 92' lang='lat' dir='ltr'><strong>sed</strong></span> <span class='ocrx_word' id='word_1_291' title='bbox 2776 4806 2922 4900; x_wconf 89' lang='lat' dir='ltr'><strong>ejus</strong></span> <span class='ocrx_word' id='word_1_292' title='bbox 2976 4805 3198 4901; x_wconf 88' lang='lat' dir='ltr'><strong>pubes</strong></span> <span class='ocrx_word' id='word_1_293' title='bbox 3286 4809 3414 4879; x_wconf 87' lang='lat' dir='ltr'><strong>sub</strong></span> <span class='ocrx_word' id='word_1_294' title='bbox 3484 4818 3660 4880; x_wconf 87' lang='lat' dir='ltr'><strong>terra</strong></span> 
     </span>
     <span class='ocr_line' id='line_1_34' title="bbox 614 4921 3658 5024; baseline -0.001 -24"><span class='ocrx_word' id='word_1_295' title='bbox 614 4931 681 5000; x_wconf 90' lang='lat' dir='ltr'><strong>in</strong></span> <span class='ocrx_word' id='word_1_296' title='bbox 733 4928 991 5000; x_wconf 86' lang='lat' dir='ltr'><strong>floccos</strong></span> <span class='ocrx_word' id='word_1_297' title='bbox 1044 4929 1374 5000; x_wconf 87' lang='lat' dir='ltr'><strong>excrescit</strong></span> <span class='ocrx_word' id='word_1_298' title='bbox 1425 4937 1493 4998; x_wconf 92' lang='lat' dir='ltr'><strong>et</strong></span> <span class='ocrx_word' id='word_1_299' title='bbox 1546 4926 1840 5024; x_wconf 86' lang='lat' dir='ltr'><strong>glaream</strong></span> <span class='ocrx_word' id='word_1_300' title='bbox 1895 4950 2126 4996; x_wconf 87' lang='lat' dir='ltr'><strong>secum</strong></span> <span class='ocrx_word' id='word_1_301' title='bbox 2176 4922 2587 5020; x_wconf 88' lang='lat' dir='ltr'><strong>conglutinat</strong></span> <span class='ocrx_word' id='word_1_302' title='bbox 2646 4922 2938 5021; x_wconf 90' lang='lat' dir='ltr'><strong>indeque</strong></span> <span class='ocrx_word' id='word_1_303' title='bbox 2990 4924 3410 4997; x_wconf 89' lang='lat' dir='ltr'><strong>incrassatur.</strong></span> <span class='ocrx_word' id='word_1_304' title='bbox 3518 4921 3658 4998; x_wconf 82' lang='lat' dir='ltr'><strong>Sti-</strong></span> 
     </span>
     <span class='ocr_line' id='line_1_35' title="bbox 616 5040 3656 5145; baseline -0 -28"><span class='ocrx_word' id='word_1_305' title='bbox 616 5072 745 5144; x_wconf 91' lang='lat' dir='ltr'><strong>pes</strong></span> <span class='ocrx_word' id='word_1_306' title='bbox 797 5047 1035 5145; x_wconf 89' lang='lat' dir='ltr'><strong>(supra</strong></span> <span class='ocrx_word' id='word_1_307' title='bbox 1076 5047 1352 5144; x_wconf 89' lang='lat' dir='ltr'><strong>terram)</strong></span> <span class='ocrx_word' id='word_1_308' title='bbox 1406 5042 1784 5129; x_wconf 86' lang='lat' dir='ltr'><strong>fistulosus,</strong></span> <span class='ocrx_word' id='word_1_309' title='bbox 1833 5043 1943 5114; x_wconf 84' lang='lat' dir='ltr'><strong>vix</strong></span> <span class='ocrx_word' id='word_1_310' title='bbox 1993 5042 2269 5114; x_wconf 90' lang='lat' dir='ltr'><strong>uncialis</strong></span> <span class='ocrx_word' id='word_1_311' title='bbox 2291 5098 2308 5127; x_wconf 88' lang='lat'><strong>,</strong></span> <span class='ocrx_word' id='word_1_312' title='bbox 2362 5040 2599 5113; x_wconf 88' lang='lat' dir='ltr'><strong>lineam</strong></span> <span class='ocrx_word' id='word_1_313' title='bbox 2631 5068 2934 5129; x_wconf 88' lang='lat' dir='ltr'><strong>crassus,</strong></span> <span class='ocrx_word' id='word_1_314' title='bbox 2988 5067 3251 5113; x_wconf 87' lang='lat' dir='ltr'><strong>sursum</strong></span> <span class='ocrx_word' id='word_1_315' title='bbox 3290 5045 3355 5116; x_wconf 91' lang='lat' dir='ltr'><strong>in</strong></span> <span class='ocrx_word' id='word_1_316' title='bbox 3406 5044 3656 5143; x_wconf 90' lang='lat' dir='ltr'><strong>pileum</strong></span> 
     </span>
     <span class='ocr_line' id='line_1_36' title="bbox 627 5159 3655 5263; baseline 0.001 -28"><span class='ocrx_word' id='word_1_317' title='bbox 627 5164 1009 5263; x_wconf 87' lang='lat' dir='ltr'><strong>ampliatus,</strong></span> <span class='ocrx_word' id='word_1_318' title='bbox 1084 5164 1445 5247; x_wconf 86' lang='lat' dir='ltr'><strong>velutinus,</strong></span> <span class='ocrx_word' id='word_1_319' title='bbox 1525 5173 1702 5234; x_wconf 88' lang='lat' dir='ltr'><strong>tactu</strong></span> <span class='ocrx_word' id='word_1_320' title='bbox 1757 5162 2006 5249; x_wconf 82' lang='lat' dir='ltr'><strong>mollis3</strong></span> <span class='ocrx_word' id='word_1_321' title='bbox 2054 5173 2421 5234; x_wconf 89' lang='lat' dir='ltr'><strong>tomentum</strong></span> <span class='ocrx_word' id='word_1_322' title='bbox 2472 5188 2637 5234; x_wconf 85' lang='lat' dir='ltr'><strong>vero</strong></span> <span class='ocrx_word' id='word_1_323' title='bbox 2689 5161 2818 5234; x_wconf 88' lang='lat' dir='ltr'><strong>sub</strong></span> <span class='ocrx_word' id='word_1_324' title='bbox 2871 5159 3256 5234; x_wconf 86' lang='lat' dir='ltr'><strong>fortioribus</strong></span> <span class='ocrx_word' id='word_1_325' title='bbox 3310 5165 3494 5237; x_wconf 87' lang='lat' dir='ltr'><strong>vitris</strong></span> <span class='ocrx_word' id='word_1_326' title='bbox 3551 5190 3655 5238; x_wconf 87' lang='lat' dir='ltr'><strong>re-</strong></span> 
     </span>
    </p>
   </div>
   <div class='ocr_carea' id='block_1_15' title="bbox 3393 5325 3450 5391">
    <p class='ocr_par' dir='ltr' id='par_1_15' title="bbox 3393 5325 3450 5391">
     <span class='ocr_line' id='line_1_37' title="bbox 3393 5325 3450 5391; baseline 0 0"><span class='ocrx_word' id='word_1_327' title='bbox 3393 5325 3450 5391; x_wconf 81' lang='lat'><strong>5.</strong></span> 
     </span>
    </p>
   </div>
  </div>
 </body>
</html>
