4984 6517
1277 1608 1374 1674 46.

1274 3414 1371 3482 ⁴7.

1378 570 1493 658 38

1576 786 1857 865 Hawaii
1907 785 1983 862 in
2032 782 2211 862 silva
2265 785 2540 863 Crateri
2567 785 2878 863 Kiladae
2921 784 3277 888 proxima.
3383 789 3742 865 Dedo-ech.
3797 819 3862 862 n.
3914 794 4026 864 55.

1576 930 1799 1006 Priori
1854 933 2138 1004 maxime
2192 930 2399 1005 affinis
2451 944 2813 1019 structura,
2864 931 3351 1031 magnitudine,
3395 932 3638 1020 sorma3
3690 934 3799 1007 hic
3851 960 4015 1007 vero
4068 958 4204 1004 non
4251 958 4492 1031 expan-

1477 1079 1625 1138 sus,
1676 1050 1799 1126 sed
1848 1052 2221 1125 obconicus
2278 1063 2346 1123 et
2390 1076 2626 1148 margo
2679 1049 2891 1123 breve
2943 1049 3148 1123 modo
3198 1050 3519 1137 reflexus;
3593 1054 3812 1151 pileus
3886 1052 4125 1151 glaber
4201 1052 4495 1150 quidem,

1474 1183 1541 1243 at
1582 1169 1811 1243 discus
1865 1169 1992 1242 sub
2050 1167 2226 1241 lente
2278 1166 2867 1268 radiato-virgams
2916 1169 3289 1242 obscurior.
3390 1167 3732 1244 Lamellae
3780 1170 3984 1269 longe
4033 1169 4494 1257 decurrentes,

1474 1290 1936 1374 tenuissimae,
1988 1287 2544 1375 confertissimae,
2603 1314 2839 1361 omnes
2890 1287 3032 1361 sere
3086 1287 3435 1388 aequales,
3489 1300 3556 1360 at
3614 1314 3822 1387 saepe
3887 1287 4171 1377 divisae,
4247 1289 4499 1374 fuscae,

1473 1409 1616 1480 acie
1670 1433 1945 1507 quoque
1996 1408 2455 1506 nigrescentes
2509 1419 2584 1478 ut
2624 1408 2690 1480 in
2741 1407 2830 1480 L.
2867 1406 3266 1508 polychron.
3371 1403 3542 1480 Lev.

1482 1598 1559 1674 L.
1618 1600 2134 1702 (Connucor.)
2185 1621 2609 1676 moznoeps
2627 1661 2645 1688 ,
2698 1599 2893 1701 pileo
2947 1600 3510 1677 membranaceo
3561 1600 3764 1677 molli
3828 1626 4169 1677 convexo
4223 1597 4498 1677 umbili-

1480 1728 1642 1794 cato
1693 1717 2076 1820 stipiteque
2129 1716 2413 1820 lignoso
2461 1716 2711 1821 gracili
2754 1716 3024 1821 glabris
3076 1718 3386 1820 pallidis,
3469 1719 3772 1796 lamellis
3826 1719 4500 1797 striato-decurren-

1476 1835 1670 1911 tibus
1715 1835 2197 1938 integerrimis
2254 1835 2680 1939 aequalibus
2731 1836 3072 1913 mollibus
3118 1836 3394 1912 albidis.

1576 1981 1658 2055 In
1709 1979 1942 2055 insula
1989 1979 2315 2057 Nikobar
2366 1981 2660 2068 minori,
2710 2006 2876 2059 cum
2923 1981 3341 2082 penultima
3449 1982 3976 2083 Kamphffvener
4018 1979 4155 2056 sub
4188 2006 4256 2056 n.
4290 1986 4499 2055 ⁴⁴43.

1576 2120 1639 2194 Ε
1692 2126 1991 2223 priorum
2045 2127 2285 2224 stirpe,
2335 2126 2424 2198 L.
2480 2125 2955 2225 Scleropodem
3004 2126 3375 2211 aemulans3
3419 2128 3590 2198 inter
3638 2122 4110 2199 Leveilleanos
4140 2136 4210 2198 et
4241 2121 4505 2198 Berke-

1473 2245 1751 2345 leyanos
1812 2270 1948 2316 non
2000 2244 2240 2343 reperi.
2345 2240 2582 2343 Stipes
2635 2244 2925 2331 solidus,
2976 2243 3404 2332 durissimus,
3459 2245 3721 2317 unciam
3778 2245 4041 2317 circiter
4087 2242 4364 2342 longus,
4429 2244 4502 2316 li-

1476 2387 1669 2434 neam
1724 2388 2026 2449 crassus,
2078 2361 2533 2449 adscendens,
2585 2363 2851 2462 glaber,
2906 2364 3166 2462 apicem
3238 2390 3477 2437 versus
3564 2365 3969 2436 incrassatus
4020 2374 4092 2435 et
4140 2388 4180 2435 e
4232 2362 4508 2436 lamellis

1474 2480 2265 2555 lineato-decurrentibus
2319 2484 2602 2555 striatus.
2705 2479 2941 2555 Pileus
2992 2485 3419 2556 tenuissimus
3488 2481 3745 2568 aridus,
3823 2480 3947 2553 sed
4015 2480 4236 2558 mollis
4309 2482 4514 2554 instar

1476 2595 1829 2671 Marasmii
1881 2610 1951 2672 et
1996 2600 2409 2700 subfragilis,
2464 2604 2756 2675 siccatus
2809 2613 2991 2674 totus
3048 2600 3771 2674 lentisormi-involutus
3790 2656 3808 2686 ,
3859 2597 4194 2698 profunde
4245 2599 4504 2673 umbili-

1474 2728 1694 2803 catus,
1743 2720 1780 2816 ξ
1826 2743 1978 2790 unc.
2029 2717 2201 2792 latus
2256 2731 2325 2793 et
2370 2719 2568 2808 infra,
2620 2721 2887 2818 glaber,
2966 2718 3247 2792 albidus.
3370 2715 3711 2792 Lamellae
3784 2721 4083 2818 priorum
4139 2720 4510 2818 conspicue

1473 2835 1776 2923 latiores,
1822 2836 2060 2910 molles
2108 2863 2239 2911 nec
2289 2838 2355 2910 in
2407 2864 2654 2911 conum
2699 2839 3064 2913 obversum
3106 2836 3558 2911 decurrentes.

1474 2976 1507 3011 ‘³
1556 2975 1640 3051 L.
1694 2998 2036 3051 ALBIDUS
2086 2976 2295 3052 Berk.
2347 2976 2547 3053 Bras.
2597 3008 2662 3053 n.
2714 2985 2795 3053 44
2843 2981 3072 3079 (cujus
3128 3006 3214 3053 ex
3266 2978 3568 3077 analogia
3620 2977 3905 3051 adultior
3949 2989 4160 3052 status
4210 2978 4299 3050 L.
4355 2974 4516 3051 ucb-

1472 3093 2027 3170 membranaceus
2076 3098 2117 3170 l.
2146 3124 2205 3171 c.
2261 3126 2323 3170 n.
2374 3103 2487 3197 ⁴5)
2536 3125 2690 3171 cum
2741 3098 2829 3170 L.
2861 3097 3248 3171 leucochroo
3292 3097 3499 3196 vulgo
3543 3108 4004 3197 comparatus,
4061 3095 4317 3171 eisdem
4345 3123 4512 3171 vero

1470 3217 1682 3315 magis
1735 3216 2095 3316 analogus,
2147 3243 2346 3316 quam
2395 3216 2609 3289 affinis
2658 3217 2923 3290 videtur
2966 3229 3035 3291 et
3086 3243 3126 3290 e
3183 3218 3392 3315 stirpe
3443 3216 3532 3287 L.
3593 3192 3957 3289 Cochleizti.

1477 3405 1558 3481 L.
1617 3407 2132 3507 (Cocnmxn)
2209 3431 2635 3494 percusos,
2704 3407 2899 3508 pileo
2984 3404 3675 3481 carnoso-coriaceo
3759 3402 4327 3479 subexcentrico
4406 3401 4518 3497 in,-

1471 3524 1755 3626 aequali
1832 3524 2444 3626 plano-depresso
2500 3524 2759 3628 glabro
2835 3524 3692 3609 ahltaceo-fuscescente,
3779 3523 4105 3625 margine
4187 3519 4520 3622 repando

1473 3644 1798 3718 involuto
1818 3702 1836 3730 ,
1891 3655 2130 3746 stipite
2182 3647 2532 3744 inaequali
2567 3644 2842 3746 pallido
2894 3672 3172 3717 sursum
3218 3643 3489 3745 fibroro
3546 3653 3877 3739 strigoso,
3935 3643 4222 3717 lamellis
4275 3658 4521 3716 rotun-

1472 3766 1971 3838 dato-sinuatis
2031 3760 2372 3836 confertis
2414 3759 2816 3836 sublaceris
2870 3759 3147 3835 albidis,
3273 3800 3282 3809 ·

1572 3906 1654 3980 In
1705 3903 1976 3980 truncis
2026 3904 2100 3978 in
2153 3905 2373 3979 Costa
2422 3903 2622 3979 Rica.
2694 3890 2963 3978 ῥηταί.

1576 4044 1713 4120 Hic
1766 4061 2001 4151 typum
2052 4050 2137 4122 ab
2213 4052 2526 4124 omnibus
2593 4079 2632 4123 a
2685 4078 2794 4125 me
2845 4054 3008 4126 visis
3061 4051 3398 4125 diversum
3479 4051 3783 4151 praebet.
3898 4047 4193 4123 Crinitis
4245 4047 4530 4147 quidem

1474 4164 1719 4254 affinis,
1772 4168 1897 4242 sed
1949 4168 2130 4267 pileo
2178 4196 2460 4268 prorsus
2510 4169 2749 4269 glabro
2800 4171 3212 4270 lamellisque
3263 4167 3443 4241 haud
3498 4168 4041 4253 decurrentibus,
4086 4183 4172 4239 at
4215 4177 4531 4240 sinuatis

1470 4281 1555 4356 L.
1607 4284 1855 4384 lepidei
1907 4287 2112 4359 instar
2164 4289 2402 4361 eximie
2457 4286 2826 4362 distinctus.
2962 4284 3199 4387 Stipes
3261 4287 3594 4386 lignosus,
3664 4285 3790 4359 sed
3854 4283 4396 4383 rigido-fragilis,
4454 4288 4530 4383 ⁴}

1470 4430 1620 4476 unc.
1673 4404 1950 4503 longus,
2006 4414 2045 4476 9
2096 4406 2203 4478 lin.
2268 4418 2336 4479 et
2402 4406 2569 4479 ultra
2639 4433 2939 4494 crassus,
3005 4403 3779 4491 curvato-adscendens,
3843 4402 4243 4503 inaequalis,
4312 4429 4535 4502 saepe

1473 4536 1720 4607 tortus,
1773 4550 2037 4595 sursum
2116 4524 2426 4598 fibrosus.
2554 4521 2788 4598 Pileus
2870 4522 3328 4598 subrotundus
3414 4524 3872 4621 oblongusve,
3935 4522 4537 4607 subexcentricus,

1472 4641 1929 4740 planiusculus
1982 4642 2021 4714 l.
2076 4644 2298 4718 medio
2390 4644 2761 4744 depressus
2836 4643 3004 4743 (non
3054 4643 3542 4740 umbilicatus),
3619 4642 3891 4741 glaber,
3967 4638 4424 4714 laeviusculus
4495 4640 4536 4713 l.

1475 4760 1847 4858 impolitus,
1897 4764 2113 4859 l{—Q
2165 4789 2315 4835 unc.
2365 4762 2569 4849 latus,
2615 4763 2913 4860 margine
2968 4760 3663 4859 repando-involutus.
3793 4757 4136 4832 Lamellae
4204 4759 4269 4830 in
4321 4760 4541 4831 siccis

1476 4904 1512 4948 a
1567 4880 1789 4978 stipite
1837 4878 1976 4952 fere
2029 4879 2364 4967 divulsae,
2416 4880 2793 4969 confertae,
2836 4892 3105 4965 tenueS,
3178 4881 3321 4951 acie
3373 4879 3699 4977 inaequali
3776 4878 4161 4962 sublacera,
4217 4874 4528 4961 albidae,

1468 4997 1531 5067 in
1586 4998 1770 5069 sicco
1825 4997 2291 5096 pallescentes.
2364 5016 2456 5055 ·-⁸-
2525 4996 2889 5071 Proximus
2975 5026 3014 5072 e
3090 4999 3544 5096 descriptione
3595 4997 3872 5070 Lentin.
3924 4994 4543 5095 gymnocephalus

1470 5111 1751 5188 Leveill.
1809 5118 1874 5188 in
1925 5114 2105 5190 Ann.
2161 5113 2278 5190 Sc.
2329 5114 2491 5190 Nat.
2548 5122 2728 5191 ⁴844.
2776 5144 2844 5216 p.
2898 5121 3053 5204 ⁴73,
3108 5115 3233 5190 sed
3280 5117 3503 5214 stipite
3557 5126 3626 5187 et
3671 5116 3883 5214 patria
3934 5113 4207 5188 recedit.

1276 5307 1370 5378 18.
1477 5301 1553 5378 L.
1616 5302 2215 5406 (stumuarus)
2272 5326 2875 5391 worumnus,
2925 5300 3119 5402 pileo
3165 5301 3362 5378 lento
3405 5302 3677 5377 vertice
3725 5301 4529 5402 proboscideo-porre-
