4984 6517
1409 599 1594 682 240

1590 808 1687 882 Et
1735 805 2287 906 inscriptionum
2315 803 2555 880 forma
2580 813 2653 879 et
2708 804 3091 905 dispositio
3149 805 3437 880 insolita
3465 803 3636 880 satis
3666 829 4041 906 superque
4102 805 4561 890 demonstrat,

1298 926 1493 1002 hunc
1536 925 1920 999 dir-hemum
1974 920 2530 1009 nobilissimum,
2567 946 2806 1022 aeque
2862 947 2950 996 ac
2979 920 3246 996 multos
3297 921 3479 996 alios
3507 929 3675 1020 post
3701 945 3972 995 annum
4009 922 4149 998 127
4188 945 4561 1022 procusoS,

1301 1069 1452 1117 non
1502 1068 1545 1117 e
1592 1046 1889 1115 moneta
1944 1036 2492 1134 Umajjadarum
2529 1063 2696 1112 esse
2740 1036 3136 1137 profectos,
3209 1039 3391 1113 Veri
3438 1038 3656 1140 igitur
3684 1036 4125 1112 simillimum
4168 1036 4565 1113 Fraehnius

1299 1160 1420 1234 ille
1464 1161 1619 1256 jam
1666 1154 1924 1241 statuit,
1984 1152 2077 1228 l.l.
2139 1177 2299 1252 pag.
2353 1154 2504 1227 310
2559 1180 2702 1254 sq.,
2798 1180 2934 1229 eos
2993 1153 3432 1230 abbasidicis
3507 1179 3674 1229 esse
3727 1153 4345 1241 adnumerandoS,
4444 1179 4569 1228 seu

1309 1275 1553 1375 potius
1606 1272 1918 1347 classem
1969 1269 2340 1369 propriam
2397 1269 2865 1358 constituere,
2921 1296 3110 1372 quae
3150 1279 3286 1347 e'os
3338 1296 3573 1346 annos
3618 1270 4248 1370 complecteretur,
4314 1270 4571 1371 quibus

1312 1388 1678 1466 Abbasidi
1727 1390 1799 1463 in
1871 1385 2267 1487 provinciis
2317 1384 2700 1460 khalifatfis
2751 1387 3211 1462 citerioribus
3263 1388 3593 1463 nondum
3649 1411 4009 1462 summam
4082 1387 4327 1487 adepti
4381 1396 4576 1461 erant

1319 1513 1771 1607 potestatem,
1803 1513 1873 1577 at
1924 1502 2244 1602 potentia
2284 1510 2531 1578 tamen
2578 1527 2858 1590 eorum,
2907 1504 3219 1605 agitante
3257 1530 3433 1603 prae
3463 1503 3726 1580 ceteris
3757 1503 4336 1589 Abu-Muslimo‚
4393 1503 4575 1577 adeo

1265 1701 1276 1710 ,
1309 1627 1464 1721 jam
1516 1622 1821 1707 valebat,
1878 1628 1956 1693 ut
2027 1644 2071 1692 a
2121 1618 2442 1692 maxima
2510 1620 2719 1720 regni
2772 1619 3139 1695 orientalis
3220 1629 3424 1721 parte
3475 1619 3816 1696 khalifatu
3867 1621 4066 1722 digni
4120 1619 4574 1706 haberentur,

1315 1740 1645 1840 ideoque
1697 1744 2064 1811 monetam
2116 1736 2189 1809 iu
2243 1734 2354 1809 his
2407 1735 2837 1838 regionibus
2890 1736 3167 1811 cudere
3210 1762 3361 1812 non
3418 1738 3849 1814 dubitarent.
3960 1739 4355 1812 Praeterea
4409 1761 4579 1810 con-

1319 1865 1474 1943 stat,
1530 1855 1605 1929 id
1656 1854 1857 1956 quod
1908 1851 2379 1953 inscriptione
2423 1852 2750 1927 secunda
2776 1852 2972 1927 bene
3003 1854 3491 1940 confirmatur,
3540 1853 3704 1928 illos
3736 1879 4093 1928 novarum
4141 1879 4389 1929 rerum
4424 1879 4579 1927 mo-

1320 1974 1570 2048 litores
1661 1974 1785 2069 jus
1879 1993 2093 2044 suum
2167 1966 2546 2043 khalifatfis
2627 1969 3038 2070 occupandi
3115 1970 3670 2072 propinquitate,
3770 1995 3912 2070 qua
4009 1996 4175 2046 cum
4258 1969 4580 2046 Muham·

1323 2090 1542 2166 mede
1593 2086 1952 2189 propheta
2003 2094 2211 2160 erant
2261 2086 2653 2181 conjuncti,
2706 2086 3258 2186 praetexebant.

1631 2266 1935 2339 Praeter
1986 2288 2140 2348 eoS,
2196 2287 2384 2362 quos
2435 2260 2529 2335 l.l.
2599 2264 2754 2358 jam
2835 2262 3109 2336 notavit
3175 2258 3580 2335 Fraehnius
3633 2259 3770 2348 ille,
3844 2288 4130 2349 numoS‚
4186 2261 4343 2337 fere
4396 2261 4586 2336 simi-

1328 2383 1475 2455 lem
1527 2406 1589 2455 a.
1652 2381 1784 2454 131
1849 2380 1923 2453 in
1974 2379 2215 2476 el-Rej
2291 2402 2550 2452 cusum
2601 2378 3257 2479 numophylacium
3308 2377 3593 2480 regium
3644 2376 4048 2454 hauniense
4101 2403 4418 2465 servare,
4474 2376 4583 2452 hic

1329 2522 1637 2572 monere
1690 2495 1912 2572 lubet.

1637 2681 1827 2774 Djej,
1883 2674 2086 2775 quod
2138 2685 2346 2750 vetus
2401 2685 2558 2750 erat
2640 2676 2841 2751 urbis
2918 2674 3283 2775 Ipahanae
3358 2698 3652 2760 nomen,
3740 2672 3890 2748 duo
3958 2674 4114 2749 fere
4170 2672 4497 2749 milliaria
4545 2700 4586 2747 a

1336 2823 1529 2872 nova
1551 2794 1737 2870 urbe
1788 2791 2096 2867 distabat
2152 2791 2314 2892 (cfr.
2351 2794 2529 2866 Lat.
2578 2794 2965 2894 geograph.
3021 2791 3138 2867 ed.
3187 2794 3613 2870 Jmmnou..
3666 2792 3753 2866 T.
3798 2792 3852 2865 I.
3904 2818 3974 2891 p.
4030 2795 4166 2892 rm).
4216 2791 4300 2865 In
4354 2789 4588 2865 numis

1335 2912 1758 3013 infrequens
1817 2914 1947 2983 est.
