4984 6517
3455 617 3569 706 41

625 858 691 912 at
744 841 1018 915 lamellis
1073 842 1374 943 angustis
1432 838 1981 942 plicaesormibus
2058 840 2521 944 pallidioribus
2599 856 2669 920 et
2731 845 2912 945 pileo
2991 850 3228 923 minori
3303 854 3675 952 conspicue

631 959 867 1033 differt.

447 1121 494 1185 ἲ.
609 1106 700 1182 Χ.
759 1128 1160 1182 mnrrrus.
1266 1104 1554 1182 Berkel.
1612 1104 1687 1181 in
1736 1105 1970 1181 Lond.
2026 1107 2186 1181 Bot.
2244 1107 2498 1183 Journ.
2555 1115 2613 1184 ⁴.
2670 1120 2716 1184 t.
2775 1116 2875 1184 ⁴5.

721 1251 804 1326 In
851 1248 1087 1324 insula
1136 1245 1465 1323 Nikobar
1509 1246 1791 1322 minori.
1904 1249 2292 1351 Kamphffv.

722 1395 948 1494 Hujus
1000 1423 1210 1495 porro
1263 1398 1532 1494 generis
1605 1398 1696 1470 ob
1766 1397 2061 1470 lamellas
2115 1396 2399 1497 rigidas,
2481 1398 2904 1473 dichotomas
2958 1413 3087 1475 etc.
3147 1403 3456 1503 fingimus
3524 1412 3675 1483 Pa-

623 1543 787 1588 mm:
839 1516 1225 1586 assolatum
1270 1512 1481 1589 Berk.
1533 1518 1599 1588 in
1653 1514 1847 1616 Mag.
1901 1515 1982 1587 os
2016 1513 2177 1587 Nat.
2214 1513 2390 1588 Hist„
2445 1515 2537 1588 X.
2566 1545 2633 1616 p.
2660 1524 2803 1591 370.
2858 1530 2901 1591 t.
2931 1519 3057 1593 9.f.
3086 1528 3144 1594 3.
3196 1518 3276 1595 Si
3328 1553 3493 1599 vero
3546 1555 3671 1601 no-

623 1636 727 1708 his
783 1632 1007 1706 datum
1060 1635 1407 1733 specimen
1455 1635 1735 1708 verum?
1790 1634 1885 1706 X.
1939 1643 2212 1730 nigrim
2247 1631 2416 1707 Lev.
2455 1662 2610 1708 cum
2658 1638 2859 1710 Pano
2910 1640 3405 1743 melamphyllo
3446 1644 3670 1745 Fuug.

631 1752 847 1824 Natal.
903 1754 1279 1828 collideret.

1380 1912 2049 1988 Scmzomnwm.
2156 1913 2396 2014 Epicr.
2453 1941 2521 2016 p.
2581 1923 2722 1992 402.

454 2064 498 2128 4.
615 2056 691 2128 S.
747 2076 1271 2140 ansanum,
1333 2052 1375 2129 l.
1433 2078 1493 2127 c.
1549 2080 1618 2156 p.
1670 2061 1811 2130 403.

735 2212 855 2284 Ad
903 2220 1202 2285 truncos
1240 2209 1591 2285 arborum
1642 2207 1716 2285 in
1777 2209 2086 2286 Guinea.
2195 2212 2375 2309 Afz.
2430 2224 2513 2286 ic.
2564 2218 2674 2289 25.

731 2364 1168 2440 Nobilissima
1210 2365 1481 2465 generis
1533 2364 1824 2462 species.
1927 2361 2162 2437 Pileus
2215 2363 2505 2462 rigidus,
2554 2361 3403 2462 cartilagineo-coriaceus,
3463 2369 3669 2440 utrin-

631 2512 767 2580 que
823 2484 1255 2584 applanatus,
1309 2468 1818 2569 flabellisormis,
1868 2488 2051 2555 3-4
2102 2509 2252 2555 unc.
2303 2483 2550 2581 longus
2630 2484 2971 2582 latusque,
3047 2510 3342 2583 superne
3421 2485 3669 2559 vellere

623 2632 859 2676 crasso
919 2604 1130 2678 dense
1179 2615 1564 2676 tomentoso
1613 2601 1769 2675 albo
1819 2599 2190 2687 obductus,
2242 2603 2543 2700 margine
2590 2601 2744 2701 plus
2784 2603 3000 2675 minus
3046 2615 3366 2701 porrecto
3414 2606 3668 2703 stipita-

627 2736 767 2804 tus;
807 2721 1132 2796 interdum
1187 2721 1432 2796 adsunt
1478 2723 1738 2821 stipites
1789 2719 2052 2819 plures,
2134 2720 2351 2819 pileus
2404 2721 2580 2793 enim
2631 2745 2671 2792 e
2723 2720 3028 2818 pluribus
3078 2722 3255 2795 lobis
3306 2724 3670 2822 elongatis,

627 2840 753 2912 sed*
827 2840 1019 2913 valde
1095 2842 1464 2938 angustatis
1543 2840 1962 2938 compositus
2041 2841 2363 2937 (quorum
2418 2838 2650 2937 plures
2707 2839 3059 2911 breviores
3140 2865 3177 2910 a
3252 2839 3669 2940 longioribus

631 2960 883 3032 obtetzti
939 2964 1001 3032 in
1053 2959 1299 3058 pagina
1351 2956 1644 3031 inferiori
1692 2957 2104 3054 solvuntur);
2191 2957 2483 3056 indeque
2535 2959 2600 3029 in
2655 2958 2905 3030 ambitu
2957 2957 3255 3045 lobatus3
3335 2959 3669 3057 margines

631 3104 791 3152 vero
843 3076 1255 3176 singulorum
1305 3076 1546 3174 integri
1600 3077 1760 3172 (nec
1813 3077 2157 3176 sequentis
2233 3101 2422 3149 more
2499 3078 2751 3175 partiti)
2808 3088 2877 3148 et
2924 3077 3199 3150 incurvi.
3324 3073 3667 3149 Lamellae

631 3200 931 3284 strictae,
1015 3194 1406 3295 parallelae,
1483 3194 1853 3294 simplices,
1927 3193 2346 3292 inaequales,
2400 3193 2774 3280 confertae,
2843 3193 3389 3294 ligneo-pallidae
3443 3195 3482 3266 l.
3532 3197 3667 3294 gri-

631 3344 823 3400 seae,
879 3315 1186 3412 glabrae,
1239 3340 1476 3386 omnes
1525 3315 1670 3386 acie
1726 3312 2294 3412 longitudinaliter
2349 3312 2584 3398 fissae,
2635 3315 2935 3411 margine
2988 3340 3152 3387 vero
3206 3340 3341 3387 non
3399 3313 3667 3386 revolu-

631 3450 735 3508 tae
783 3436 904 3508 sed
951 3432 1060 3505 vel
1106 3445 1374 3506 erectae
1427 3434 1697 3507 omnino
1745 3432 1853 3506 vel
1905 3431 2173 3531 patulae
2219 3429 2446 3502 modo.

446 3624 494 3684 ἓ,
619 3612 691 3684 S.
747 3631 1191 3694 mnarum,
1245 3606 1441 3708 pileo
1498 3605 1825 3708 margine
1874 3611 2219 3706 porrecto
2272 3601 3003 3703 leproso-incrustato
3081 3605 3338 3709 glabro
3422 3606 3499 3683 in
3555 3632 3668 3683 ra·

631 3756 791 3804 mos
867 3725 1410 3801 flabelliformes
1480 3723 1983 3824 multipartitos
2065 3722 2296 3797 diviso
2375 3721 2580 3811 albo,
2659 3722 2963 3802 lamellis
3035 3725 3310 3802 villosis
3385 3727 3661 3831 griseis.

635 3852 723 3924 Α.
779 3844 1114 3920 radiatus.
1170 3845 1476 3920 Swartz.
1530 3847 1784 3918 Prodr.
1826 3870 1910 3944 p.
1968 3849 2105 3916 148.

727 3988 851 4064 Ad
903 3999 1200 4064 truncos
1251 3986 1347 4063 ad
1396 3985 1723 4062 Mirador
1771 3987 1845 4062 in
1897 4012 2129 4091 regno
2180 3986 2575 4064 Mexicano
2626 3989 2949 4090 copiose.
3008 3989 3362 4067 Liebman.

735 4148 811 4220 S.
863 4155 1207 4220 communi
1257 4145 1581 4218 hactenus
1634 4145 2088 4231 subsumtum,
2142 4145 2266 4219 sed
2315 4149 2555 4245 ingens
2607 4148 3047 4246 speciminum
3109 4151 3308 4249 copia
3358 4148 3666 4224 differen-

635 4276 779 4344 tiam
835 4267 1132 4364 probare
1189 4263 1470 4365 videtur.
1572 4259 1806 4334 Pileus
1859 4261 2267 4351 reniformis,
2319 4267 2472 4363 ipso
2526 4267 2834 4362 margine
2878 4265 3051 4340 linea
3101 4281 3285 4341 recta
3335 4270 3400 4341 in
3479 4271 3666 4369 stipi-

635 4404 799 4476 ῐεῃι,
855 4388 1089 4460 lineam
1135 4385 1441 4483 longum,
1494 4391 1892 4481 porrectus,
1938 4381 2199 4479 absque
2224 4381 2612 4455 indumento
2662 4394 3065 4472 tomentoso,
3095 4388 3288 4483 cujus
3329 4388 3485 4470 loco
3514 4414 3665 4462 cru-

635 4520 727 4580 sta
783 4508 994 4604 rigida
1046 4505 1315 4603 glabra,
1367 4513 1433 4572 at
1471 4500 1771 4599 impolita
1825 4510 1893 4571 et
1936 4500 2336 4598 inaequabili
2387 4500 2757 4588 obductus,
2811 4502 2936 4576 sed
2992 4531 3145 4577 cum
3198 4505 3368 4580 haec
3424 4533 3667 4607 saepe,

635 4628 994 4724 praecipue
1050 4648 1291 4695 versus
1343 4621 1731 4717 marginem,
1787 4644 1923 4690 non
1972 4617 2323 4704 cohaeret,
2374 4618 2594 4717 pileus
2638 4619 2724 4692 ad
2775 4620 3067 4694 medium
3119 4635 3190 4698 et
3235 4626 3403 4698 ultra
3450 4627 3666 4699 multi-

635 4744 1051 4818 fido-incisim
1104 4742 1198 4813 ob
1251 4738 1546 4811 lamellas
1599 4736 2195 4847 radiato-ramosas
2248 4733 2575 4810 discretas
2628 4751 3080 4814 excurrentes.

446 4942 494 5004 3.
623 4928 695 5004 S.
747 4948 1147 5001 mmmmm.
1250 4920 1490 5023 Epicr.
1549 4920 1592 4997 l.
1646 4945 1707 4994 c.

731 5072 807 5144 ln
863 5066 1161 5144 Mexico
1227 5064 1323 5141 ad
1373 5063 1700 5140 Mirador
1750 5074 1884 5140 etc.
1935 5064 2377 5170 (Liebman)
2443 5067 2665 5143 Costa
2722 5066 2903 5142 Rica
2961 5058 3372 5177 (Or-stad),
3436 5070 3668 5148 Tahiti
3709 5114 3716 5122 ·

635 5186 1186 5292 (Didrichsm),
1238 5184 1421 5259 Pulo
1475 5183 1652 5260 Milu
1705 5184 2352 5291 (Kampho’vener).

3415 5341 3458 5407 6
