<?xml version="1.0" encoding="UTF-8"?>
<!DOCTYPE html PUBLIC "-//W3C//DTD XHTML 1.0 Transitional//EN"
    "http://www.w3.org/TR/xhtml1/DTD/xhtml1-transitional.dtd">
<html xmlns="http://www.w3.org/1999/xhtml" xml:lang="en" lang="en">
 <head>
  <title>
</title>
<meta http-equiv="Content-Type" content="text/html;charset=utf-8" />
  <meta name='ocr-system' content='tesseract 3.04.00' />
  <meta name='ocr-capabilities' content='ocr_page ocr_carea ocr_par ocr_line ocrx_word'/>
</head>
<body>
  <div class='ocr_page' id='page_1' title='image "./novaactaregiaes00uppsgoog_0412.png"; bbox 0 0 4984 6517; ppageno 0'>
   <div class='ocr_carea' id='block_1_1' title="bbox 1389 567 1562 654">
    <p class='ocr_par' dir='ltr' id='par_1_1' title="bbox 1389 567 1562 654">
     <span class='ocr_line' id='line_1_1' title="bbox 1389 567 1562 654; baseline 0 0"><span class='ocrx_word' id='word_1_1' title='bbox 1389 567 1562 654; x_wconf 80' lang='lat'>388</span> 
     </span>
    </p>
   </div>
   <div class='ocr_carea' id='block_1_2' title="bbox 1288 775 4526 1007">
    <p class='ocr_par' dir='ltr' id='par_1_2' title="bbox 1288 775 4526 1007">
     <span class='ocr_line' id='line_1_2' title="bbox 1288 775 4526 886; baseline -0.001 -30"><span class='ocrx_word' id='word_1_2' title='bbox 1288 779 1400 856; x_wconf 87' lang='lat' dir='ltr'>his</span> <span class='ocrx_word' id='word_1_3' title='bbox 1458 778 1667 854; x_wconf 84' lang='lat' dir='ltr'>facile</span> <span class='ocrx_word' id='word_1_4' title='bbox 1720 777 2145 882; x_wconf 77' lang='lat' dir='ltr'><strong>intelligitur,</strong></span> <span class='ocrx_word' id='word_1_5' title='bbox 2192 776 2368 885; x_wconf 89' lang='lat' dir='ltr'>quid</span> <span class='ocrx_word' id='word_1_6' title='bbox 2421 777 2723 853; x_wconf 85' lang='lat' dir='ltr'>sentiam</span> <span class='ocrx_word' id='word_1_7' title='bbox 2771 776 2866 852; x_wconf 90' lang='lat' dir='ltr'>de</span> <span class='ocrx_word' id='word_1_8' title='bbox 2917 776 3440 853; x_wconf 81' lang='lat' dir='ltr'>exercitatione</span> <span class='ocrx_word' id='word_1_9' title='bbox 3505 776 3638 853; x_wconf 87' lang='lat' dir='ltr'>ista</span> <span class='ocrx_word' id='word_1_10' title='bbox 3693 775 4173 886; x_wconf 83' lang='lat' dir='ltr'>facultateque</span> <span class='ocrx_word' id='word_1_11' title='bbox 4206 778 4526 866; x_wconf 83' lang='lat' dir='ltr'>dicendi,</span> 
     </span>
     <span class='ocr_line' id='line_1_3' title="bbox 1290 893 3412 1007; baseline -0.002 -32"><span class='ocrx_word' id='word_1_12' title='bbox 1290 923 1481 1007; x_wconf 89' lang='lat' dir='ltr'>quae</span> <span class='ocrx_word' id='word_1_13' title='bbox 1534 922 1685 973; x_wconf 88' lang='lat' dir='ltr'>non</span> <span class='ocrx_word' id='word_1_14' title='bbox 1740 905 1850 974; x_wconf 84' lang='lat' dir='ltr'>est</span> <span class='ocrx_word' id='word_1_15' title='bbox 1897 897 1969 972; x_wconf 91' lang='lat' dir='ltr'>in</span> <span class='ocrx_word' id='word_1_16' title='bbox 2022 895 2170 972; x_wconf 90' lang='lat' dir='ltr'>ullo</span> <span class='ocrx_word' id='word_1_17' title='bbox 2226 893 2664 998; x_wconf 82' lang='lat' dir='ltr'>philologiae</span> <span class='ocrx_word' id='word_1_18' title='bbox 2717 920 2993 999; x_wconf 85' lang='lat' dir='ltr'>genere</span> <span class='ocrx_word' id='word_1_19' title='bbox 3048 895 3412 997; x_wconf 84' lang='lat' dir='ltr'>ponenda.</span> 
     </span>
    </p>
   </div>
   <div class='ocr_carea' id='block_1_3' title="bbox 1284 1100 4562 4154">
    <p class='ocr_par' dir='ltr' id='par_1_3' title="bbox 1284 1100 4562 4154">
     <span class='ocr_line' id='line_1_4' title="bbox 1284 1100 4528 1190; baseline -0.002 -20"><span class='ocrx_word' id='word_1_20' title='bbox 1284 1104 1501 1170; x_wconf 78' lang='lat' dir='ltr'>ctione</span> <span class='ocrx_word' id='word_1_21' title='bbox 1544 1104 1906 1190; x_wconf 86' lang='lat' dir='ltr'>linguarum</span> <span class='ocrx_word' id='word_1_22' title='bbox 1950 1102 2111 1166; x_wconf 85' lang='lat' dir='ltr'>varii</span> <span class='ocrx_word' id='word_1_23' title='bbox 2154 1102 2398 1167; x_wconf 88' lang='lat' dir='ltr'>coloris</span> <span class='ocrx_word' id='word_1_24' title='bbox 2443 1101 2848 1187; x_wconf 77' lang='lat' dir='ltr'>turpitudine</span> <span class='ocrx_word' id='word_1_25' title='bbox 2870 1101 3044 1176; x_wconf 85' lang='lat' dir='ltr'>dicit,</span> <span class='ocrx_word' id='word_1_26' title='bbox 3087 1122 3190 1167; x_wconf 91' lang='lat' dir='ltr'>me</span> <span class='ocrx_word' id='word_1_27' title='bbox 3215 1100 3476 1185; x_wconf 90' lang='lat' dir='ltr'>quidem</span> <span class='ocrx_word' id='word_1_28' title='bbox 3500 1123 3633 1167; x_wconf 97' lang='lat' dir='ltr'>non</span> <span class='ocrx_word' id='word_1_29' title='bbox 3656 1123 3814 1167; x_wconf 91' lang='lat' dir='ltr'>sane</span> <span class='ocrx_word' id='word_1_30' title='bbox 3835 1111 4059 1167; x_wconf 85' lang='lat' dir='ltr'>movet</span> <span class='ocrx_word' id='word_1_31' title='bbox 4091 1100 4528 1166; x_wconf 86' lang='lat' dir='ltr'>vehementer.</span> 
     </span>
     <span class='ocr_line' id='line_1_5' title="bbox 1287 1201 4532 1294; baseline -0.003 -19"><span class='ocrx_word' id='word_1_32' title='bbox 1287 1208 1522 1294; x_wconf 85' lang='lat' dir='ltr'>Neque</span> <span class='ocrx_word' id='word_1_33' title='bbox 1566 1205 1731 1271; x_wconf 89' lang='lat' dir='ltr'>euim</span> <span class='ocrx_word' id='word_1_34' title='bbox 1776 1204 2072 1269; x_wconf 90' lang='lat' dir='ltr'>colorum</span> <span class='ocrx_word' id='word_1_35' title='bbox 2116 1204 2231 1269; x_wconf 86' lang='lat' dir='ltr'>illa</span> <span class='ocrx_word' id='word_1_36' title='bbox 2275 1204 2462 1289; x_wconf 87' lang='lat' dir='ltr'>quasi</span> <span class='ocrx_word' id='word_1_37' title='bbox 2509 1204 2789 1269; x_wconf 77' lang='lat' dir='ltr'>mixtura</span> <span class='ocrx_word' id='word_1_38' title='bbox 2831 1203 3091 1269; x_wconf 86' lang='lat' dir='ltr'>videtur</span> <span class='ocrx_word' id='word_1_39' title='bbox 3134 1215 3249 1269; x_wconf 89' lang='lat' dir='ltr'>aut</span> <span class='ocrx_word' id='word_1_40' title='bbox 3292 1206 3636 1290; x_wconf 88' lang='lat' dir='ltr'>quicquam</span> <span class='ocrx_word' id='word_1_41' title='bbox 3683 1204 3945 1278; x_wconf 87' lang='lat' dir='ltr'>habere,</span> <span class='ocrx_word' id='word_1_42' title='bbox 3992 1203 4172 1290; x_wconf 91' lang='lat' dir='ltr'>quod</span> <span class='ocrx_word' id='word_1_43' title='bbox 4219 1201 4306 1267; x_wconf 87' lang='lat' dir='ltr'>ad</span> <span class='ocrx_word' id='word_1_44' title='bbox 4349 1223 4532 1266; x_wconf 88' lang='lat' dir='ltr'>sum·</span> 
     </span>
     <span class='ocr_line' id='line_1_6' title="bbox 1288 1303 4530 1394; baseline -0.002 -19"><span class='ocrx_word' id='word_1_45' title='bbox 1288 1331 1455 1376; x_wconf 87' lang='lat' dir='ltr'>mam</span> <span class='ocrx_word' id='word_1_46' title='bbox 1499 1309 1591 1373; x_wconf 91' lang='lat' dir='ltr'>rei</span> <span class='ocrx_word' id='word_1_47' title='bbox 1636 1308 1972 1394; x_wconf 84' lang='lat' dir='ltr'>pertineat,</span> <span class='ocrx_word' id='word_1_48' title='bbox 2017 1315 2131 1372; x_wconf 89' lang='lat' dir='ltr'>aut</span> <span class='ocrx_word' id='word_1_49' title='bbox 2174 1306 2312 1371; x_wconf 91' lang='lat' dir='ltr'>ullo</span> <span class='ocrx_word' id='word_1_50' title='bbox 2356 1305 2559 1371; x_wconf 89' lang='lat' dir='ltr'>modo</span> <span class='ocrx_word' id='word_1_51' title='bbox 2605 1327 2810 1392; x_wconf 88' lang='lat' dir='ltr'>posse</span> <span class='ocrx_word' id='word_1_52' title='bbox 2853 1327 3130 1392; x_wconf 87' lang='lat' dir='ltr'>prorsus</span> <span class='ocrx_word' id='word_1_53' title='bbox 3177 1307 3423 1381; x_wconf 77' lang='lat' dir='ltr'>evitari,</span> <span class='ocrx_word' id='word_1_54' title='bbox 3470 1307 3776 1392; x_wconf 87' lang='lat' dir='ltr'>quoniam</span> <span class='ocrx_word' id='word_1_55' title='bbox 3819 1329 3902 1372; x_wconf 88' lang='lat' dir='ltr'>ne</span> <span class='ocrx_word' id='word_1_56' title='bbox 3947 1306 4217 1370; x_wconf 87' lang='lat' dir='ltr'>Latinus</span> <span class='ocrx_word' id='word_1_57' title='bbox 4263 1303 4530 1389; x_wconf 88' lang='lat' dir='ltr'>quidem</span> 
     </span>
     <span class='ocr_line' id='line_1_7' title="bbox 1294 1406 4534 1496; baseline -0.002 -20"><span class='ocrx_word' id='word_1_58' title='bbox 1294 1410 1794 1477; x_wconf 89' lang='lat' dir='ltr'>commentarius</span> <span class='ocrx_word' id='word_1_59' title='bbox 1840 1417 2063 1496; x_wconf 82' lang='lat' dir='ltr'>potest</span> <span class='ocrx_word' id='word_1_60' title='bbox 2108 1431 2256 1475; x_wconf 88' lang='lat' dir='ltr'>esse</span> <span class='ocrx_word' id='word_1_61' title='bbox 2300 1409 2383 1473; x_wconf 87' lang='lat' dir='ltr'>ab</span> <span class='ocrx_word' id='word_1_62' title='bbox 2430 1409 2604 1473; x_wconf 92' lang='lat' dir='ltr'>omni</span> <span class='ocrx_word' id='word_1_63' title='bbox 2647 1408 3048 1475; x_wconf 79' lang='lat' dir='ltr'>admixtione</span> <span class='ocrx_word' id='word_1_64' title='bbox 3092 1430 3318 1494; x_wconf 88' lang='lat' dir='ltr'>purus,</span> <span class='ocrx_word' id='word_1_65' title='bbox 3362 1409 3626 1474; x_wconf 89' lang='lat' dir='ltr'>insertis</span> <span class='ocrx_word' id='word_1_66' title='bbox 3671 1419 3886 1475; x_wconf 84' lang='lat' dir='ltr'>tamen</span> <span class='ocrx_word' id='word_1_67' title='bbox 3929 1409 4176 1495; x_wconf 87' lang='lat' dir='ltr'>passim</span> <span class='ocrx_word' id='word_1_68' title='bbox 4239 1406 4534 1472; x_wconf 83' lang='lat' dir='ltr'>vocabu·</span> 
     </span>
     <span class='ocr_line' id='line_1_8' title="bbox 1292 1509 4532 1600; baseline -0.002 -20"><span class='ocrx_word' id='word_1_69' title='bbox 1292 1515 1374 1580; x_wconf 90' lang='lat' dir='ltr'>lis</span> <span class='ocrx_word' id='word_1_70' title='bbox 1420 1514 1679 1600; x_wconf 89' lang='lat' dir='ltr'>linguae</span> <span class='ocrx_word' id='word_1_71' title='bbox 1722 1511 2085 1598; x_wconf 89' lang='lat' dir='ltr'>cujuspiam</span> <span class='ocrx_word' id='word_1_72' title='bbox 2129 1512 2393 1576; x_wconf 87' lang='lat' dir='ltr'>alienae.</span> <span class='ocrx_word' id='word_1_73' title='bbox 2482 1509 2573 1575; x_wconf 79' lang='lat' dir='ltr'>Et</span> <span class='ocrx_word' id='word_1_74' title='bbox 2616 1509 2799 1597; x_wconf 91' lang='lat' dir='ltr'>quod</span> <span class='ocrx_word' id='word_1_75' title='bbox 2846 1509 3201 1586; x_wconf 82' lang='lat' dir='ltr'>contendit,</span> <span class='ocrx_word' id='word_1_76' title='bbox 3247 1511 3558 1596; x_wconf 85' lang='lat' dir='ltr'>majorem</span> <span class='ocrx_word' id='word_1_77' title='bbox 3601 1509 3745 1576; x_wconf 87' lang='lat' dir='ltr'>fore</span> <span class='ocrx_word' id='word_1_78' title='bbox 3788 1512 4022 1576; x_wconf 89' lang='lat' dir='ltr'>mentis</span> <span class='ocrx_word' id='word_1_79' title='bbox 4066 1510 4532 1584; x_wconf 85' lang='lat' dir='ltr'>incitationem,</span> 
     </span>
     <span class='ocr_line' id='line_1_9' title="bbox 1295 1610 4539 1699; baseline -0.002 -17"><span class='ocrx_word' id='word_1_80' title='bbox 1295 1617 1354 1682; x_wconf 92' lang='lat' dir='ltr'>si</span> <span class='ocrx_word' id='word_1_81' title='bbox 1396 1614 1836 1681; x_wconf 87' lang='lat' dir='ltr'>commentarii</span> <span class='ocrx_word' id='word_1_82' title='bbox 1880 1611 2123 1678; x_wconf 87' lang='lat' dir='ltr'>fuerint</span> <span class='ocrx_word' id='word_1_83' title='bbox 2164 1612 2399 1677; x_wconf 89' lang='lat' dir='ltr'>Latino</span> <span class='ocrx_word' id='word_1_84' title='bbox 2445 1633 2747 1678; x_wconf 76' lang='lat' dir='ltr'>sermone</span> <span class='ocrx_word' id='word_1_85' title='bbox 2790 1610 3087 1688; x_wconf 85' lang='lat' dir='ltr'>confecti,</span> <span class='ocrx_word' id='word_1_86' title='bbox 3134 1623 3200 1678; x_wconf 91' lang='lat' dir='ltr'>et</span> <span class='ocrx_word' id='word_1_87' title='bbox 3223 1614 3333 1699; x_wconf 92' lang='lat' dir='ltr'>qui</span> <span class='ocrx_word' id='word_1_88' title='bbox 3359 1611 3634 1686; x_wconf 70' lang='lat' dir='ltr'>discant,</span> <span class='ocrx_word' id='word_1_89' title='bbox 3678 1635 3796 1678; x_wconf 89' lang='lat' dir='ltr'>eos</span> <span class='ocrx_word' id='word_1_90' title='bbox 3825 1613 4301 1679; x_wconf 86' lang='lat' dir='ltr'>commentariis</span> <span class='ocrx_word' id='word_1_91' title='bbox 4333 1632 4539 1697; x_wconf 84' lang='lat' dir='ltr'>saepe</span> 
     </span>
     <span class='ocr_line' id='line_1_10' title="bbox 1294 1714 4536 1802; baseline -0.002 -18"><span class='ocrx_word' id='word_1_92' title='bbox 1294 1719 1527 1784; x_wconf 89' lang='lat' dir='ltr'>melius</span> <span class='ocrx_word' id='word_1_93' title='bbox 1572 1737 1766 1802; x_wconf 87' lang='lat' dir='ltr'>quam</span> <span class='ocrx_word' id='word_1_94' title='bbox 1807 1715 2017 1802; x_wconf 90' lang='lat' dir='ltr'>ipsius</span> <span class='ocrx_word' id='word_1_95' title='bbox 2062 1715 2404 1802; x_wconf 86' lang='lat' dir='ltr'>scriptoris</span> <span class='ocrx_word' id='word_1_96' title='bbox 2451 1715 2672 1780; x_wconf 87' lang='lat' dir='ltr'>verbis</span> <span class='ocrx_word' id='word_1_97' title='bbox 2716 1715 2799 1780; x_wconf 90' lang='lat' dir='ltr'>ad</span> <span class='ocrx_word' id='word_1_98' title='bbox 2847 1715 3105 1802; x_wconf 89' lang='lat' dir='ltr'>linguae</span> <span class='ocrx_word' id='word_1_99' title='bbox 3148 1715 3638 1800; x_wconf 75' lang='lat' dir='ltr'>litterarumque</span> <span class='ocrx_word' id='word_1_100' title='bbox 3684 1716 4019 1780; x_wconf 88' lang='lat' dir='ltr'>scientiam</span> <span class='ocrx_word' id='word_1_101' title='bbox 4060 1714 4329 1786; x_wconf 88' lang='lat' dir='ltr'>institui,</span> <span class='ocrx_word' id='word_1_102' title='bbox 4377 1734 4536 1778; x_wconf 87' lang='lat' dir='ltr'>sane</span> 
     </span>
     <span class='ocr_line' id='line_1_11' title="bbox 1300 1814 4536 1903; baseline -0.002 -17"><span class='ocrx_word' id='word_1_103' title='bbox 1300 1830 1538 1894; x_wconf 73' lang='lat' dir='ltr'>metm,</span> <span class='ocrx_word' id='word_1_104' title='bbox 1591 1840 1674 1883; x_wconf 91' lang='lat' dir='ltr'>ne</span> <span class='ocrx_word' id='word_1_105' title='bbox 1718 1818 2191 1883; x_wconf 89' lang='lat' dir='ltr'>commentariis</span> <span class='ocrx_word' id='word_1_106' title='bbox 2235 1818 2381 1881; x_wconf 89' lang='lat' dir='ltr'>istis</span> <span class='ocrx_word' id='word_1_107' title='bbox 2430 1817 2694 1882; x_wconf 91' lang='lat' dir='ltr'>nimium</span> <span class='ocrx_word' id='word_1_108' title='bbox 2736 1819 2981 1883; x_wconf 88' lang='lat' dir='ltr'>tribuat</span> <span class='ocrx_word' id='word_1_109' title='bbox 3023 1838 3190 1882; x_wconf 86' lang='lat' dir='ltr'>neve</span> <span class='ocrx_word' id='word_1_110' title='bbox 3236 1817 3399 1880; x_wconf 89' lang='lat' dir='ltr'>satis</span> <span class='ocrx_word' id='word_1_111' title='bbox 3445 1819 3834 1903; x_wconf 87' lang='lat' dir='ltr'>tempestive</span> <span class='ocrx_word' id='word_1_112' title='bbox 3891 1817 4067 1882; x_wconf 91' lang='lat' dir='ltr'>dicat</span> <span class='ocrx_word' id='word_1_113' title='bbox 4132 1814 4406 1902; x_wconf 87' lang='lat' dir='ltr'>aliquid,</span> <span class='ocrx_word' id='word_1_114' title='bbox 4472 1815 4536 1879; x_wconf 92' lang='lat' dir='ltr'>in</span> 
     </span>
     <span class='ocr_line' id='line_1_12' title="bbox 1302 1917 4542 2008; baseline -0.001 -20"><span class='ocrx_word' id='word_1_115' title='bbox 1302 1945 1436 2008; x_wconf 92' lang='lat' dir='ltr'>quo</span> <span class='ocrx_word' id='word_1_116' title='bbox 1481 1920 1736 2008; x_wconf 88' lang='lat' dir='ltr'>pristini</span> <span class='ocrx_word' id='word_1_117' title='bbox 1781 1920 2095 2005; x_wconf 90' lang='lat' dir='ltr'>temporis</span> <span class='ocrx_word' id='word_1_118' title='bbox 2141 1918 2422 1984; x_wconf 88' lang='lat' dir='ltr'>docendi</span> <span class='ocrx_word' id='word_1_119' title='bbox 2466 1921 2913 1985; x_wconf 82' lang='lat' dir='ltr'>austeritatem</span> <span class='ocrx_word' id='word_1_120' title='bbox 2961 1920 3422 2004; x_wconf 78' lang='lat' dir='ltr'>tristitiamque</span> <span class='ocrx_word' id='word_1_121' title='bbox 3467 1918 3731 1984; x_wconf 87' lang='lat' dir='ltr'>odorari</span> <span class='ocrx_word' id='word_1_122' title='bbox 3778 1920 3901 1984; x_wconf 90' lang='lat' dir='ltr'>sibi</span> <span class='ocrx_word' id='word_1_123' title='bbox 3947 1919 4293 1984; x_wconf 83' lang='lat' dir='ltr'>videantur</span> <span class='ocrx_word' id='word_1_124' title='bbox 4335 1917 4542 1986; x_wconf 80' lang='lat' dir='ltr'>multi.</span> 
     </span>
     <span class='ocr_line' id='line_1_13' title="bbox 1304 2020 4543 2111; baseline -0.002 -22"><span class='ocrx_word' id='word_1_125' title='bbox 1304 2025 1416 2111; x_wconf 89' lang='lat' dir='ltr'>qui</span> <span class='ocrx_word' id='word_1_126' title='bbox 1462 2035 1753 2088; x_wconf 87' lang='lat' dir='ltr'>veterum</span> <span class='ocrx_word' id='word_1_127' title='bbox 1797 2022 2042 2107; x_wconf 88' lang='lat' dir='ltr'>scripta</span> <span class='ocrx_word' id='word_1_128' title='bbox 2084 2022 2297 2108; x_wconf 87' lang='lat' dir='ltr'>magni</span> <span class='ocrx_word' id='word_1_129' title='bbox 2341 2020 2584 2086; x_wconf 85' lang='lat' dir='ltr'>faciant</span> <span class='ocrx_word' id='word_1_130' title='bbox 2625 2022 2722 2087; x_wconf 92' lang='lat' dir='ltr'>illi</span> <span class='ocrx_word' id='word_1_131' title='bbox 2767 2021 3050 2108; x_wconf 88' lang='lat' dir='ltr'>quidem,</span> <span class='ocrx_word' id='word_1_132' title='bbox 3096 2022 3219 2087; x_wconf 91' lang='lat' dir='ltr'>sed</span> <span class='ocrx_word' id='word_1_133' title='bbox 3265 2031 3479 2087; x_wconf 87' lang='lat' dir='ltr'>tamen</span> <span class='ocrx_word' id='word_1_134' title='bbox 3523 2043 3656 2087; x_wconf 90' lang='lat' dir='ltr'>non</span> <span class='ocrx_word' id='word_1_135' title='bbox 3701 2023 3850 2088; x_wconf 90' lang='lat' dir='ltr'>solo</span> <span class='ocrx_word' id='word_1_136' title='bbox 3895 2024 4086 2088; x_wconf 90' lang='lat' dir='ltr'>unius</span> <span class='ocrx_word' id='word_1_137' title='bbox 4131 2021 4543 2107; x_wconf 76' lang='lat' dir='ltr'>antiquitatis</span> 
     </span>
     <span class='ocr_line' id='line_1_14' title="bbox 1304 2122 4542 2211; baseline -0.002 -19"><span class='ocrx_word' id='word_1_138' title='bbox 1304 2148 1526 2193; x_wconf 88' lang='lat' dir='ltr'>amore</span> <span class='ocrx_word' id='word_1_139' title='bbox 1569 2125 1743 2211; x_wconf 87' lang='lat' dir='ltr'>capti</span> <span class='ocrx_word' id='word_1_140' title='bbox 1787 2132 2144 2189; x_wconf 87' lang='lat' dir='ltr'>teneantur.</span> <span class='ocrx_word' id='word_1_141' title='bbox 2232 2122 2338 2200; x_wconf 83' lang='lat' dir='ltr'>Hi,</span> <span class='ocrx_word' id='word_1_142' title='bbox 2384 2144 2554 2208; x_wconf 90' lang='lat' dir='ltr'>quos</span> <span class='ocrx_word' id='word_1_143' title='bbox 2600 2123 2843 2189; x_wconf 86' lang='lat' dir='ltr'>offendi</span> <span class='ocrx_word' id='word_1_144' title='bbox 2886 2125 3142 2189; x_wconf 89' lang='lat' dir='ltr'>minime</span> <span class='ocrx_word' id='word_1_145' title='bbox 3186 2125 3435 2200; x_wconf 85' lang='lat' dir='ltr'>attinet,</span> <span class='ocrx_word' id='word_1_146' title='bbox 3479 2125 3786 2210; x_wconf 89' lang='lat' dir='ltr'>quoniam</span> <span class='ocrx_word' id='word_1_147' title='bbox 3827 2126 4083 2191; x_wconf 90' lang='lat' dir='ltr'>minime</span> <span class='ocrx_word' id='word_1_148' title='bbox 4127 2133 4284 2188; x_wconf 91' lang='lat' dir='ltr'>sunt</span> <span class='ocrx_word' id='word_1_149' title='bbox 4305 2123 4542 2188; x_wconf 86' lang='lat' dir='ltr'>litteris</span> 
     </span>
     <span class='ocr_line' id='line_1_15' title="bbox 1304 2213 4544 2315; baseline -0.002 -20"><span class='ocrx_word' id='word_1_150' title='bbox 1304 2230 1589 2315; x_wconf 88' lang='lat' dir='ltr'>antiquis</span> <span class='ocrx_word' id='word_1_151' title='bbox 1632 2227 1836 2312; x_wconf 91' lang='lat' dir='ltr'>iniqui</span> <span class='ocrx_word' id='word_1_152' title='bbox 1878 2213 1951 2291; x_wconf 69' lang='lat' dir='ltr'>et</span> <span class='ocrx_word' id='word_1_153' title='bbox 1986 2225 2311 2291; x_wconf 88' lang='lat' dir='ltr'>interdum</span> <span class='ocrx_word' id='word_1_154' title='bbox 2359 2224 2446 2289; x_wconf 93' lang='lat' dir='ltr'>ad</span> <span class='ocrx_word' id='word_1_155' title='bbox 2489 2226 2711 2291; x_wconf 91' lang='lat' dir='ltr'>studia</span> <span class='ocrx_word' id='word_1_156' title='bbox 2762 2227 3122 2292; x_wconf 84' lang='lat' dir='ltr'>litterarum</span> <span class='ocrx_word' id='word_1_157' title='bbox 3164 2226 3428 2313; x_wconf 85' lang='lat' dir='ltr'>publice</span> <span class='ocrx_word' id='word_1_158' title='bbox 3472 2224 3837 2291; x_wconf 87' lang='lat' dir='ltr'>ordinanda</span> <span class='ocrx_word' id='word_1_159' title='bbox 3879 2249 4013 2292; x_wconf 91' lang='lat' dir='ltr'>non</span> <span class='ocrx_word' id='word_1_160' title='bbox 4076 2226 4235 2292; x_wconf 90' lang='lat' dir='ltr'>nihil</span> <span class='ocrx_word' id='word_1_161' title='bbox 4303 2225 4544 2302; x_wconf 81' lang='lat' dir='ltr'>valent,</span> 
     </span>
     <span class='ocr_line' id='line_1_16' title="bbox 1307 2327 4544 2416; baseline -0.002 -19"><span class='ocrx_word' id='word_1_162' title='bbox 1307 2330 1661 2397; x_wconf 83' lang='lat' dir='ltr'>audiuntur</span> <span class='ocrx_word' id='word_1_163' title='bbox 1694 2327 2085 2416; x_wconf 87' lang='lat' dir='ltr'>jamdudum</span> <span class='ocrx_word' id='word_1_164' title='bbox 2127 2329 2457 2413; x_wconf 88' lang='lat' dir='ltr'>conqueri,</span> <span class='ocrx_word' id='word_1_165' title='bbox 2501 2329 2907 2414; x_wconf 82' lang='lat' dir='ltr'>antiquitatis</span> <span class='ocrx_word' id='word_1_166' title='bbox 2954 2330 3117 2395; x_wconf 90' lang='lat' dir='ltr'>illud</span> <span class='ocrx_word' id='word_1_167' title='bbox 3165 2327 3455 2394; x_wconf 87' lang='lat' dir='ltr'>studium</span> <span class='ocrx_word' id='word_1_168' title='bbox 3501 2350 3650 2393; x_wconf 88' lang='lat' dir='ltr'>esse</span> <span class='ocrx_word' id='word_1_169' title='bbox 3706 2327 3843 2416; x_wconf 87' lang='lat' dir='ltr'>jam</span> <span class='ocrx_word' id='word_1_170' title='bbox 3910 2329 4103 2393; x_wconf 91' lang='lat' dir='ltr'>nimia</span> <span class='ocrx_word' id='word_1_171' title='bbox 4158 2327 4544 2415; x_wconf 83' lang='lat' dir='ltr'>disciplinae</span> 
     </span>
     <span class='ocr_line' id='line_1_17' title="bbox 1309 2430 4544 2517; baseline -0.001 -18"><span class='ocrx_word' id='word_1_172' title='bbox 1309 2434 1659 2500; x_wconf 86' lang='lat' dir='ltr'>severitate</span> <span class='ocrx_word' id='word_1_173' title='bbox 1701 2431 2140 2517; x_wconf 91' lang='lat' dir='ltr'>importunum</span> <span class='ocrx_word' id='word_1_174' title='bbox 2185 2431 2552 2514; x_wconf 89' lang='lat' dir='ltr'>ceterisque</span> <span class='ocrx_word' id='word_1_175' title='bbox 2597 2431 2836 2496; x_wconf 87' lang='lat' dir='ltr'>studiis</span> <span class='ocrx_word' id='word_1_176' title='bbox 2881 2432 3346 2497; x_wconf 84' lang='lat' dir='ltr'>adversarium.</span> <span class='ocrx_word' id='word_1_177' title='bbox 3434 2431 3574 2497; x_wconf 87' lang='lat' dir='ltr'>Nec</span> <span class='ocrx_word' id='word_1_178' title='bbox 3619 2441 3858 2497; x_wconf 89' lang='lat' dir='ltr'>temere</span> <span class='ocrx_word' id='word_1_179' title='bbox 3916 2433 4214 2506; x_wconf 83' lang='lat' dir='ltr'>sentient,</span> <span class='ocrx_word' id='word_1_180' title='bbox 4261 2430 4544 2496; x_wconf 85' lang='lat' dir='ltr'>difficul-</span> 
     </span>
     <span class='ocr_line' id='line_1_18' title="bbox 1310 2532 4544 2620; baseline -0.002 -18"><span class='ocrx_word' id='word_1_181' title='bbox 1310 2545 1512 2602; x_wconf 86' lang='lat' dir='ltr'>tatem</span> <span class='ocrx_word' id='word_1_182' title='bbox 1556 2533 1795 2599; x_wconf 87' lang='lat' dir='ltr'>veteris</span> <span class='ocrx_word' id='word_1_183' title='bbox 1840 2532 2116 2618; x_wconf 86' lang='lat' dir='ltr'>alicujus</span> <span class='ocrx_word' id='word_1_184' title='bbox 2162 2533 2505 2618; x_wconf 88' lang='lat' dir='ltr'>scriptoris</span> <span class='ocrx_word' id='word_1_185' title='bbox 2549 2533 2785 2599; x_wconf 90' lang='lat' dir='ltr'>librum</span> <span class='ocrx_word' id='word_1_186' title='bbox 2829 2534 3254 2600; x_wconf 87' lang='lat' dir='ltr'>convertendi</span> <span class='ocrx_word' id='word_1_187' title='bbox 3295 2536 3507 2620; x_wconf 84' lang='lat' dir='ltr'>ipsam</span> <span class='ocrx_word' id='word_1_188' title='bbox 3551 2555 3673 2619; x_wconf 88' lang='lat' dir='ltr'>per</span> <span class='ocrx_word' id='word_1_189' title='bbox 3716 2557 3788 2598; x_wconf 88' lang='lat' dir='ltr'>se</span> <span class='ocrx_word' id='word_1_190' title='bbox 3831 2556 4001 2608; x_wconf 87' lang='lat' dir='ltr'>esse,</span> <span class='ocrx_word' id='word_1_191' title='bbox 4075 2535 4268 2599; x_wconf 90' lang='lat' dir='ltr'>etiam</span> <span class='ocrx_word' id='word_1_192' title='bbox 4327 2533 4544 2620; x_wconf 84' lang='lat' dir='ltr'>patrio</span> 
     </span>
     <span class='ocr_line' id='line_1_19' title="bbox 1311 2634 4546 2722; baseline -0.001 -18"><span class='ocrx_word' id='word_1_193' title='bbox 1311 2658 1612 2704; x_wconf 89' lang='lat' dir='ltr'>sermone</span> <span class='ocrx_word' id='word_1_194' title='bbox 1634 2636 1858 2712; x_wconf 89' lang='lat' dir='ltr'>utenti,</span> <span class='ocrx_word' id='word_1_195' title='bbox 1901 2634 2063 2699; x_wconf 82' lang='lat' dir='ltr'>satis</span> <span class='ocrx_word' id='word_1_196' title='bbox 2087 2634 2373 2699; x_wconf 84' lang='lat' dir='ltr'>validum</span> <span class='ocrx_word' id='word_1_197' title='bbox 2397 2636 2630 2700; x_wconf 90' lang='lat' dir='ltr'>mentis</span> <span class='ocrx_word' id='word_1_198' title='bbox 2651 2637 3151 2713; x_wconf 84' lang='lat' dir='ltr'>incitamentum,</span> <span class='ocrx_word' id='word_1_199' title='bbox 3198 2637 3499 2721; x_wconf 91' lang='lat' dir='ltr'>quoniam</span> <span class='ocrx_word' id='word_1_200' title='bbox 3525 2637 3688 2700; x_wconf 89' lang='lat' dir='ltr'>satis</span> <span class='ocrx_word' id='word_1_201' title='bbox 3713 2647 4014 2700; x_wconf 86' lang='lat' dir='ltr'>accurata</span> <span class='ocrx_word' id='word_1_202' title='bbox 4059 2647 4125 2701; x_wconf 89' lang='lat' dir='ltr'>et</span> <span class='ocrx_word' id='word_1_203' title='bbox 4167 2636 4368 2721; x_wconf 87' lang='lat' dir='ltr'>plane</span> <span class='ocrx_word' id='word_1_204' title='bbox 4406 2658 4546 2722; x_wconf 88' lang='lat' dir='ltr'>per·</span> 
     </span>
     <span class='ocr_line' id='line_1_20' title="bbox 1312 2737 4550 2826; baseline -0.001 -21"><span class='ocrx_word' id='word_1_205' title='bbox 1312 2740 1488 2805; x_wconf 85' lang='lat' dir='ltr'>fecta</span> <span class='ocrx_word' id='word_1_206' title='bbox 1531 2738 1925 2825; x_wconf 88' lang='lat' dir='ltr'>scriptorum</span> <span class='ocrx_word' id='word_1_207' title='bbox 1970 2737 2385 2823; x_wconf 71' lang='lat' dir='ltr'>antiquorum</span> <span class='ocrx_word' id='word_1_208' title='bbox 2427 2739 2645 2803; x_wconf 84' lang='lat' dir='ltr'>versio</span> <span class='ocrx_word' id='word_1_209' title='bbox 2703 2738 2924 2803; x_wconf 87' lang='lat' dir='ltr'>adhuc</span> <span class='ocrx_word' id='word_1_210' title='bbox 2968 2739 3220 2826; x_wconf 88' lang='lat' dir='ltr'>sperari</span> <span class='ocrx_word' id='word_1_211' title='bbox 3263 2740 3470 2825; x_wconf 85' lang='lat' dir='ltr'>magis</span> <span class='ocrx_word' id='word_1_212' title='bbox 3517 2748 3744 2824; x_wconf 91' lang='lat' dir='ltr'>potest</span> <span class='ocrx_word' id='word_1_213' title='bbox 3786 2760 3979 2825; x_wconf 90' lang='lat' dir='ltr'>quam</span> <span class='ocrx_word' id='word_1_214' title='bbox 4021 2760 4258 2824; x_wconf 86' lang='lat' dir='ltr'>reapse</span> <span class='ocrx_word' id='word_1_215' title='bbox 4292 2739 4550 2825; x_wconf 88' lang='lat' dir='ltr'>uspiam</span> 
     </span>
     <span class='ocr_line' id='line_1_21' title="bbox 1314 2839 4551 2932; baseline -0.001 -25"><span class='ocrx_word' id='word_1_216' title='bbox 1314 2841 1654 2928; x_wconf 89' lang='lat' dir='ltr'>reperitur.</span> <span class='ocrx_word' id='word_1_217' title='bbox 1739 2840 1958 2926; x_wconf 86' lang='lat' dir='ltr'>Atque</span> <span class='ocrx_word' id='word_1_218' title='bbox 2002 2839 2254 2905; x_wconf 88' lang='lat' dir='ltr'>etiamsi</span> <span class='ocrx_word' id='word_1_219' title='bbox 2297 2840 2365 2905; x_wconf 92' lang='lat' dir='ltr'>in</span> <span class='ocrx_word' id='word_1_220' title='bbox 2407 2861 2538 2904; x_wconf 88' lang='lat' dir='ltr'>una</span> <span class='ocrx_word' id='word_1_221' title='bbox 2579 2840 2687 2905; x_wconf 82' lang='lat' dir='ltr'>vel</span> <span class='ocrx_word' id='word_1_222' title='bbox 2731 2840 2938 2906; x_wconf 89' lang='lat' dir='ltr'>altera</span> <span class='ocrx_word' id='word_1_223' title='bbox 2982 2841 3219 2927; x_wconf 88' lang='lat' dir='ltr'>pagina</span> <span class='ocrx_word' id='word_1_224' title='bbox 3261 2851 3375 2905; x_wconf 89' lang='lat' dir='ltr'>aut</span> <span class='ocrx_word' id='word_1_225' title='bbox 3418 2840 3586 2905; x_wconf 86' lang='lat' dir='ltr'>libro</span> <span class='ocrx_word' id='word_1_226' title='bbox 3652 2849 3768 2906; x_wconf 90' lang='lat' dir='ltr'>aut</span> <span class='ocrx_word' id='word_1_227' title='bbox 3832 2841 4023 2905; x_wconf 88' lang='lat' dir='ltr'>etiam</span> <span class='ocrx_word' id='word_1_228' title='bbox 4068 2841 4400 2927; x_wconf 89' lang='lat' dir='ltr'>scriptore</span> <span class='ocrx_word' id='word_1_229' title='bbox 4421 2841 4551 2932; x_wconf 40' lang='lat' dir='ltr'>,illa</span> 
     </span>
     <span class='ocr_line' id='line_1_22' title="bbox 1316 2942 4553 3029; baseline -0.001 -19"><span class='ocrx_word' id='word_1_230' title='bbox 1316 2942 1785 3029; x_wconf 87' lang='lat' dir='ltr'>interpretandi</span> <span class='ocrx_word' id='word_1_231' title='bbox 1830 2963 1987 3007; x_wconf 90' lang='lat' dir='ltr'>cura</span> <span class='ocrx_word' id='word_1_232' title='bbox 2019 2964 2257 3029; x_wconf 77' lang='lat' dir='ltr'>parum</span> <span class='ocrx_word' id='word_1_233' title='bbox 2299 2964 2548 3029; x_wconf 68' lang='lat' dir='ltr'>operose</span> <span class='ocrx_word' id='word_1_234' title='bbox 2588 2945 2838 3008; x_wconf 82' lang='lat' dir='ltr'>versari</span> <span class='ocrx_word' id='word_1_235' title='bbox 2883 2943 3228 3019; x_wconf 83' lang='lat' dir='ltr'>videbitur,</span> <span class='ocrx_word' id='word_1_236' title='bbox 3273 2957 3450 3009; x_wconf 90' lang='lat' dir='ltr'>certe</span> <span class='ocrx_word' id='word_1_237' title='bbox 3495 2945 3562 3007; x_wconf 76' lang='lat' dir='ltr'>in</span> <span class='ocrx_word' id='word_1_238' title='bbox 3604 2943 3817 3008; x_wconf 70' lang='lat' dir='ltr'>litteris</span> <span class='ocrx_word' id='word_1_239' title='bbox 3867 2945 4164 3007; x_wconf 74' lang='lat' dir='ltr'>universis</span> <span class='ocrx_word' id='word_1_240' title='bbox 4227 2944 4396 3008; x_wconf 87' lang='lat' dir='ltr'>satis</span> <span class='ocrx_word' id='word_1_241' title='bbox 4463 2945 4553 3007; x_wconf 88' lang='lat' dir='ltr'>in-</span> 
     </span>
     <span class='ocr_line' id='line_1_23' title="bbox 1319 3043 4554 3132; baseline -0.001 -20"><span class='ocrx_word' id='word_1_242' title='bbox 1319 3045 1625 3113; x_wconf 87' lang='lat' dir='ltr'>tendetur</span> <span class='ocrx_word' id='word_1_243' title='bbox 1667 3044 1948 3120; x_wconf 84' lang='lat' dir='ltr'>animus3</span> <span class='ocrx_word' id='word_1_244' title='bbox 1994 3065 2072 3109; x_wconf 88' lang='lat' dir='ltr'>ac</span> <span class='ocrx_word' id='word_1_245' title='bbox 2114 3043 2415 3130; x_wconf 88' lang='lat' dir='ltr'>profecto</span> <span class='ocrx_word' id='word_1_246' title='bbox 2461 3044 2956 3111; x_wconf 90' lang='lat' dir='ltr'>concedendum</span> <span class='ocrx_word' id='word_1_247' title='bbox 3001 3058 3120 3120; x_wconf 87' lang='lat' dir='ltr'>est,</span> <span class='ocrx_word' id='word_1_248' title='bbox 3165 3067 3299 3132; x_wconf 91' lang='lat' dir='ltr'>quo</span> <span class='ocrx_word' id='word_1_249' title='bbox 3344 3046 3555 3110; x_wconf 88' lang='lat' dir='ltr'>minus</span> <span class='ocrx_word' id='word_1_250' title='bbox 3610 3046 4062 3132; x_wconf 87' lang='lat' dir='ltr'>interpretatio</span> <span class='ocrx_word' id='word_1_251' title='bbox 4129 3044 4244 3108; x_wconf 89' lang='lat' dir='ltr'>illa</span> <span class='ocrx_word' id='word_1_252' title='bbox 4310 3044 4554 3110; x_wconf 84' lang='lat' dir='ltr'>habeat</span> 
     </span>
     <span class='ocr_line' id='line_1_24' title="bbox 1319 3145 4556 3236; baseline -0.001 -21"><span class='ocrx_word' id='word_1_253' title='bbox 1319 3147 1723 3215; x_wconf 87' lang='lat' dir='ltr'>difficultatis</span> <span class='ocrx_word' id='word_1_254' title='bbox 1767 3146 1851 3212; x_wconf 90' lang='lat' dir='ltr'>ab</span> <span class='ocrx_word' id='word_1_255' title='bbox 1894 3145 2188 3234; x_wconf 89' lang='lat' dir='ltr'>injuncto</span> <span class='ocrx_word' id='word_1_256' title='bbox 2232 3147 2648 3233; x_wconf 88' lang='lat' dir='ltr'>imperiosius</span> <span class='ocrx_word' id='word_1_257' title='bbox 2694 3146 2914 3212; x_wconf 85' lang='lat' dir='ltr'>officio</span> <span class='ocrx_word' id='word_1_258' title='bbox 2960 3148 3207 3234; x_wconf 86' lang='lat' dir='ltr'>scripta</span> <span class='ocrx_word' id='word_1_259' title='bbox 3249 3161 3475 3213; x_wconf 83' lang='lat' dir='ltr'>vetera</span> <span class='ocrx_word' id='word_1_260' title='bbox 3517 3147 3960 3236; x_wconf 87' lang='lat' dir='ltr'>cognoscendi</span> <span class='ocrx_word' id='word_1_261' title='bbox 4013 3169 4096 3212; x_wconf 80' lang='lat' dir='ltr'>ex</span> <span class='ocrx_word' id='word_1_262' title='bbox 4161 3158 4556 3211; x_wconf 84' lang='lat' dir='ltr'>commenta-</span> 
     </span>
     <span class='ocr_line' id='line_1_25' title="bbox 1318 3246 4554 3337; baseline -0.001 -21"><span class='ocrx_word' id='word_1_263' title='bbox 1318 3253 1418 3316; x_wconf 87' lang='lat' dir='ltr'>rio</span> <span class='ocrx_word' id='word_1_264' title='bbox 1463 3250 1718 3325; x_wconf 88' lang='lat' dir='ltr'>Latino,</span> <span class='ocrx_word' id='word_1_265' title='bbox 1763 3249 1874 3335; x_wconf 92' lang='lat' dir='ltr'>qui</span> <span class='ocrx_word' id='word_1_266' title='bbox 1919 3246 2229 3334; x_wconf 87' lang='lat' dir='ltr'>deinceps</span> <span class='ocrx_word' id='word_1_267' title='bbox 2272 3249 2420 3335; x_wconf 89' lang='lat' dir='ltr'>ipse</span> <span class='ocrx_word' id='word_1_268' title='bbox 2464 3269 2956 3335; x_wconf 88' lang='lat' dir='ltr'>saepenumero,</span> <span class='ocrx_word' id='word_1_269' title='bbox 3007 3250 3329 3316; x_wconf 88' lang='lat' dir='ltr'>tironibus</span> <span class='ocrx_word' id='word_1_270' title='bbox 3397 3262 3591 3326; x_wconf 87' lang='lat' dir='ltr'>certe,</span> <span class='ocrx_word' id='word_1_271' title='bbox 3655 3248 4186 3337; x_wconf 88' lang='lat' dir='ltr'>interpretandus</span> <span class='ocrx_word' id='word_1_272' title='bbox 4253 3250 4362 3324; x_wconf 80' lang='lat' dir='ltr'>sit,</span> <span class='ocrx_word' id='word_1_273' title='bbox 4431 3250 4554 3314; x_wconf 91' lang='lat' dir='ltr'>hoc</span> 
     </span>
     <span class='ocr_line' id='line_1_26' title="bbox 1321 3350 4555 3440; baseline 0 -22"><span class='ocrx_word' id='word_1_274' title='bbox 1321 3353 1473 3440; x_wconf 90' lang='lat' dir='ltr'>plus</span> <span class='ocrx_word' id='word_1_275' title='bbox 1520 3373 1723 3438; x_wconf 93' lang='lat' dir='ltr'>posse</span> <span class='ocrx_word' id='word_1_276' title='bbox 1765 3352 1833 3416; x_wconf 92' lang='lat' dir='ltr'>in</span> <span class='ocrx_word' id='word_1_277' title='bbox 1874 3352 2021 3437; x_wconf 89' lang='lat' dir='ltr'>ipsa</span> <span class='ocrx_word' id='word_1_278' title='bbox 2065 3350 2323 3438; x_wconf 82' lang='lat' dir='ltr'>linguae</span> <span class='ocrx_word' id='word_1_279' title='bbox 2366 3351 2860 3438; x_wconf 86' lang='lat' dir='ltr'>litterarumque</span> <span class='ocrx_word' id='word_1_280' title='bbox 2906 3352 3278 3438; x_wconf 83' lang='lat' dir='ltr'>cognitione</span> <span class='ocrx_word' id='word_1_281' title='bbox 3320 3354 3570 3439; x_wconf 87' lang='lat' dir='ltr'>profici,</span> <span class='ocrx_word' id='word_1_282' title='bbox 3614 3375 3782 3438; x_wconf 85' lang='lat' dir='ltr'>quae</span> <span class='ocrx_word' id='word_1_283' title='bbox 3840 3352 4103 3440; x_wconf 88' lang='lat' dir='ltr'>quidem</span> <span class='ocrx_word' id='word_1_284' title='bbox 4147 3353 4461 3440; x_wconf 85' lang='lat' dir='ltr'>cognitio,</span> <span class='ocrx_word' id='word_1_285' title='bbox 4503 3355 4555 3418; x_wconf 91' lang='lat' dir='ltr'>si</span> 
     </span>
     <span class='ocr_line' id='line_1_27' title="bbox 1322 3453 4554 3542; baseline 0 -22"><span class='ocrx_word' id='word_1_286' title='bbox 1322 3476 1549 3520; x_wconf 84' lang='lat' dir='ltr'>verum</span> <span class='ocrx_word' id='word_1_287' title='bbox 1594 3455 1873 3541; x_wconf 85' lang='lat' dir='ltr'>quaeris,</span> <span class='ocrx_word' id='word_1_288' title='bbox 1917 3453 2236 3519; x_wconf 88' lang='lat' dir='ltr'>sermonis</span> <span class='ocrx_word' id='word_1_289' title='bbox 2282 3455 2547 3541; x_wconf 88' lang='lat' dir='ltr'>antiqui,</span> <span class='ocrx_word' id='word_1_290' title='bbox 2593 3475 2893 3540; x_wconf 87' lang='lat' dir='ltr'>quaeque</span> <span class='ocrx_word' id='word_1_291' title='bbox 2938 3475 3024 3519; x_wconf 81' lang='lat' dir='ltr'>ex</span> <span class='ocrx_word' id='word_1_292' title='bbox 3065 3455 3180 3520; x_wconf 86' lang='lat' dir='ltr'>ino</span> <span class='ocrx_word' id='word_1_293' title='bbox 3225 3456 3526 3542; x_wconf 84' lang='lat' dir='ltr'>gignitur,</span> <span class='ocrx_word' id='word_1_294' title='bbox 3572 3456 3880 3520; x_wconf 88' lang='lat' dir='ltr'>scientiae</span> <span class='ocrx_word' id='word_1_295' title='bbox 3912 3455 4120 3519; x_wconf 90' lang='lat' dir='ltr'>omnis</span> <span class='ocrx_word' id='word_1_296' title='bbox 4151 3477 4371 3519; x_wconf 89' lang='lat' dir='ltr'>rerum</span> <span class='ocrx_word' id='word_1_297' title='bbox 4397 3457 4554 3520; x_wconf 89' lang='lat' dir='ltr'>anti·</span> 
     </span>
     <span class='ocr_line' id='line_1_28' title="bbox 1326 3554 4553 3643; baseline 0 -20"><span class='ocrx_word' id='word_1_298' title='bbox 1326 3579 1600 3643; x_wconf 88' lang='lat' dir='ltr'>quarum</span> <span class='ocrx_word' id='word_1_299' title='bbox 1643 3578 1838 3622; x_wconf 85' lang='lat' dir='ltr'>verus</span> <span class='ocrx_word' id='word_1_300' title='bbox 1883 3577 1961 3621; x_wconf 89' lang='lat' dir='ltr'>ac</span> <span class='ocrx_word' id='word_1_301' title='bbox 2004 3556 2190 3620; x_wconf 90' lang='lat' dir='ltr'>solus</span> <span class='ocrx_word' id='word_1_302' title='bbox 2233 3554 2386 3621; x_wconf 86' lang='lat' dir='ltr'>fons</span> <span class='ocrx_word' id='word_1_303' title='bbox 2431 3565 2552 3623; x_wconf 89' lang='lat' dir='ltr'>est.</span> <span class='ocrx_word' id='word_1_304' title='bbox 2637 3556 2808 3624; x_wconf 88' lang='lat' dir='ltr'>Nam</span> <span class='ocrx_word' id='word_1_305' title='bbox 2852 3556 3071 3642; x_wconf 85' lang='lat' dir='ltr'>posita</span> <span class='ocrx_word' id='word_1_306' title='bbox 3112 3557 3180 3621; x_wconf 92' lang='lat' dir='ltr'>in</span> <span class='ocrx_word' id='word_1_307' title='bbox 3223 3557 3824 3643; x_wconf 88' lang='lat' dir='ltr'>circumscriptione</span> <span class='ocrx_word' id='word_1_308' title='bbox 3870 3556 4154 3643; x_wconf 86' lang='lat' dir='ltr'>quadam</span> <span class='ocrx_word' id='word_1_309' title='bbox 4205 3559 4553 3624; x_wconf 84' lang='lat' dir='ltr'>verborum</span> 
     </span>
     <span class='ocr_line' id='line_1_29' title="bbox 1325 3658 4556 3746; baseline 0 -20"><span class='ocrx_word' id='word_1_310' title='bbox 1325 3682 1626 3726; x_wconf 83' lang='lat' dir='ltr'>rerumve</span> <span class='ocrx_word' id='word_1_311' title='bbox 1672 3659 1997 3745; x_wconf 85' lang='lat' dir='ltr'>expositio</span> <span class='ocrx_word' id='word_1_312' title='bbox 2042 3659 2133 3723; x_wconf 86' lang='lat' dir='ltr'>ita</span> <span class='ocrx_word' id='word_1_313' title='bbox 2174 3658 2514 3724; x_wconf 87' lang='lat' dir='ltr'>latinitatis</span> <span class='ocrx_word' id='word_1_314' title='bbox 2558 3659 2932 3743; x_wconf 83' lang='lat' dir='ltr'>veterisque</span> <span class='ocrx_word' id='word_1_315' title='bbox 2978 3658 3314 3724; x_wconf 88' lang='lat' dir='ltr'>doctrinae</span> <span class='ocrx_word' id='word_1_316' title='bbox 3366 3660 3649 3746; x_wconf 89' lang='lat' dir='ltr'>speciem</span> <span class='ocrx_word' id='word_1_317' title='bbox 3695 3669 3761 3725; x_wconf 90' lang='lat' dir='ltr'>et</span> <span class='ocrx_word' id='word_1_318' title='bbox 3806 3660 3994 3746; x_wconf 83' lang='lat' dir='ltr'>quasi</span> <span class='ocrx_word' id='word_1_319' title='bbox 4057 3671 4278 3725; x_wconf 86' lang='lat' dir='ltr'>notam</span> <span class='ocrx_word' id='word_1_320' title='bbox 4341 3660 4556 3734; x_wconf 81' lang='lat' dir='ltr'>habet,</span> 
     </span>
     <span class='ocr_line' id='line_1_30' title="bbox 1330 3761 4555 3850; baseline -0 -23"><span class='ocrx_word' id='word_1_321' title='bbox 1330 3763 1389 3827; x_wconf 88' lang='lat' dir='ltr'>si</span> <span class='ocrx_word' id='word_1_322' title='bbox 1432 3761 1725 3827; x_wconf 87' lang='lat' dir='ltr'>adhibita</span> <span class='ocrx_word' id='word_1_323' title='bbox 1768 3762 2062 3826; x_wconf 91' lang='lat' dir='ltr'>locorum</span> <span class='ocrx_word' id='word_1_324' title='bbox 2108 3782 2186 3825; x_wconf 93' lang='lat' dir='ltr'>eo</span> <span class='ocrx_word' id='word_1_325' title='bbox 2232 3761 2689 3846; x_wconf 86' lang='lat' dir='ltr'>pertinentium</span> <span class='ocrx_word' id='word_1_326' title='bbox 2732 3761 3044 3825; x_wconf 87' lang='lat' dir='ltr'>memoria</span> <span class='ocrx_word' id='word_1_327' title='bbox 3087 3768 3153 3826; x_wconf 90' lang='lat' dir='ltr'>et</span> <span class='ocrx_word' id='word_1_328' title='bbox 3195 3762 3549 3829; x_wconf 85' lang='lat' dir='ltr'>imitatione</span> <span class='ocrx_word' id='word_1_329' title='bbox 3594 3761 3729 3828; x_wconf 88' lang='lat' dir='ltr'>fida</span> <span class='ocrx_word' id='word_1_330' title='bbox 3792 3784 3871 3828; x_wconf 90' lang='lat' dir='ltr'>ac</span> <span class='ocrx_word' id='word_1_331' title='bbox 3921 3762 4214 3850; x_wconf 85' lang='lat' dir='ltr'>diligenti</span> <span class='ocrx_word' id='word_1_332' title='bbox 4257 3764 4418 3828; x_wconf 82' lang='lat' dir='ltr'>nixa</span> <span class='ocrx_word' id='word_1_333' title='bbox 4461 3765 4555 3828; x_wconf 90' lang='lat' dir='ltr'>sit.</span> 
     </span>
     <span class='ocr_line' id='line_1_31' title="bbox 1330 3861 4555 3951; baseline 0 -20"><span class='ocrx_word' id='word_1_334' title='bbox 1330 3864 1445 3931; x_wconf 88' lang='lat' dir='ltr'>Sic</span> <span class='ocrx_word' id='word_1_335' title='bbox 1485 3865 1550 3928; x_wconf 92' lang='lat' dir='ltr'>in</span> <span class='ocrx_word' id='word_1_336' title='bbox 1595 3861 1891 3950; x_wconf 88' lang='lat' dir='ltr'>paranda</span> <span class='ocrx_word' id='word_1_337' title='bbox 1932 3862 2105 3927; x_wconf 92' lang='lat' dir='ltr'>omni</span> <span class='ocrx_word' id='word_1_338' title='bbox 2148 3863 2467 3927; x_wconf 89' lang='lat' dir='ltr'>sermonis</span> <span class='ocrx_word' id='word_1_339' title='bbox 2513 3884 2861 3948; x_wconf 89' lang='lat' dir='ltr'>rerumque</span> <span class='ocrx_word' id='word_1_340' title='bbox 2905 3864 3177 3928; x_wconf 88' lang='lat' dir='ltr'>scientia</span> <span class='ocrx_word' id='word_1_341' title='bbox 3219 3875 3557 3950; x_wconf 89' lang='lat' dir='ltr'>postremo</span> <span class='ocrx_word' id='word_1_342' title='bbox 3601 3864 3689 3929; x_wconf 87' lang='lat' dir='ltr'>ad</span> <span class='ocrx_word' id='word_1_343' title='bbox 3732 3867 3919 3951; x_wconf 90' lang='lat' dir='ltr'>ipsos</span> <span class='ocrx_word' id='word_1_344' title='bbox 3965 3877 4267 3930; x_wconf 86' lang='lat' dir='ltr'>auctores</span> <span class='ocrx_word' id='word_1_345' title='bbox 4299 3877 4555 3931; x_wconf 81' lang='lat' dir='ltr'>veteres</span> 
     </span>
     <span class='ocr_line' id='line_1_32' title="bbox 1332 3963 4562 4055; baseline 0 -22"><span class='ocrx_word' id='word_1_346' title='bbox 1332 3986 1733 4040; x_wconf 82' lang='lat' dir='ltr'>revocamur,</span> <span class='ocrx_word' id='word_1_347' title='bbox 1780 3985 2053 4051; x_wconf 90' lang='lat' dir='ltr'>quorum</span> <span class='ocrx_word' id='word_1_348' title='bbox 2079 3964 2325 4050; x_wconf 87' lang='lat' dir='ltr'>scripta</span> <span class='ocrx_word' id='word_1_349' title='bbox 2353 3963 2484 4030; x_wconf 87' lang='lat' dir='ltr'>hoc</span> <span class='ocrx_word' id='word_1_350' title='bbox 2510 3965 2871 4053; x_wconf 89' lang='lat' dir='ltr'>jucundius</span> <span class='ocrx_word' id='word_1_351' title='bbox 2917 3967 3244 4052; x_wconf 87' lang='lat' dir='ltr'>arripient,</span> <span class='ocrx_word' id='word_1_352' title='bbox 3291 3967 3402 4053; x_wconf 91' lang='lat' dir='ltr'>qui</span> <span class='ocrx_word' id='word_1_353' title='bbox 3448 3965 3721 4044; x_wconf 82' lang='lat' dir='ltr'>discent,</span> <span class='ocrx_word' id='word_1_354' title='bbox 3766 3989 3900 4052; x_wconf 92' lang='lat' dir='ltr'>quo</span> <span class='ocrx_word' id='word_1_355' title='bbox 3945 3969 4234 4054; x_wconf 86' lang='lat' dir='ltr'>apertior</span> <span class='ocrx_word' id='word_1_356' title='bbox 4276 3968 4562 4055; x_wconf 84' lang='lat' dir='ltr'>planior-</span> 
     </span>
     <span class='ocr_line' id='line_1_33' title="bbox 1333 4064 2827 4154; baseline -0.003 -20"><span class='ocrx_word' id='word_1_357' title='bbox 1333 4090 1464 4154; x_wconf 92' lang='lat' dir='ltr'>que</span> <span class='ocrx_word' id='word_1_358' title='bbox 1507 4067 1593 4133; x_wconf 92' lang='lat' dir='ltr'>ad</span> <span class='ocrx_word' id='word_1_359' title='bbox 1636 4067 1751 4131; x_wconf 87' lang='lat' dir='ltr'>illa</span> <span class='ocrx_word' id='word_1_360' title='bbox 1792 4064 2254 4153; x_wconf 84' lang='lat' dir='ltr'>cognoscenda</span> <span class='ocrx_word' id='word_1_361' title='bbox 2297 4064 2515 4131; x_wconf 92' lang='lat' dir='ltr'>aditus</span> <span class='ocrx_word' id='word_1_362' title='bbox 2560 4068 2827 4153; x_wconf 91' lang='lat' dir='ltr'>patebit.</span> 
     </span>
    </p>
   </div>
   <div class='ocr_carea' id='block_1_4' title="bbox 1335 4190 4565 4593">
    <p class='ocr_par' dir='ltr' id='par_1_4' title="bbox 1335 4190 4565 4593">
     <span class='ocr_line' id='line_1_34' title="bbox 1507 4190 4562 4284; baseline 0.002 -25"><span class='ocrx_word' id='word_1_363' title='bbox 1507 4194 1944 4276; x_wconf 87' lang='lat' dir='ltr'>Quamobrem</span> <span class='ocrx_word' id='word_1_364' title='bbox 1987 4213 2121 4256; x_wconf 95' lang='lat' dir='ltr'>non</span> <span class='ocrx_word' id='word_1_365' title='bbox 2165 4190 2451 4257; x_wconf 85' lang='lat' dir='ltr'>diffiteor</span> <span class='ocrx_word' id='word_1_366' title='bbox 2492 4213 2595 4256; x_wconf 89' lang='lat' dir='ltr'>me</span> <span class='ocrx_word' id='word_1_367' title='bbox 2640 4192 2736 4256; x_wconf 88' lang='lat' dir='ltr'>sic</span> <span class='ocrx_word' id='word_1_368' title='bbox 2780 4193 3037 4270; x_wconf 83' lang='lat' dir='ltr'>sentire,</span> <span class='ocrx_word' id='word_1_369' title='bbox 3106 4195 3653 4270; x_wconf 86' lang='lat' dir='ltr'>commentarium,</span> <span class='ocrx_word' id='word_1_370' title='bbox 3727 4194 3812 4260; x_wconf 92' lang='lat' dir='ltr'>de</span> <span class='ocrx_word' id='word_1_371' title='bbox 3877 4217 4010 4280; x_wconf 91' lang='lat' dir='ltr'>quo</span> <span class='ocrx_word' id='word_1_372' title='bbox 4075 4196 4305 4282; x_wconf 89' lang='lat' dir='ltr'>agitur,</span> <span class='ocrx_word' id='word_1_373' title='bbox 4349 4200 4562 4284; x_wconf 87' lang='lat' dir='ltr'>patrio</span> 
     </span>
     <span class='ocr_line' id='line_1_35' title="bbox 1335 4295 4562 4382; baseline 0.001 -17"><span class='ocrx_word' id='word_1_374' title='bbox 1335 4319 1639 4365; x_wconf 87' lang='lat' dir='ltr'>sermone</span> <span class='ocrx_word' id='word_1_375' title='bbox 1662 4295 1893 4360; x_wconf 83' lang='lat' dir='ltr'>confici</span> <span class='ocrx_word' id='word_1_376' title='bbox 1915 4295 2152 4381; x_wconf 87' lang='lat' dir='ltr'>aptius,</span> <span class='ocrx_word' id='word_1_377' title='bbox 2196 4315 2588 4381; x_wconf 89' lang='lat' dir='ltr'>quamquam</span> <span class='ocrx_word' id='word_1_378' title='bbox 2611 4295 2866 4359; x_wconf 88' lang='lat' dir='ltr'>minime</span> <span class='ocrx_word' id='word_1_379' title='bbox 2901 4296 3288 4382; x_wconf 73' lang='lat' dir='ltr'>negaverim,</span> <span class='ocrx_word' id='word_1_380' title='bbox 3334 4298 3861 4362; x_wconf 85' lang='lat' dir='ltr'>commentarium</span> <span class='ocrx_word' id='word_1_381' title='bbox 3891 4297 4210 4381; x_wconf 86' lang='lat' dir='ltr'>Latinum,</span> <span class='ocrx_word' id='word_1_382' title='bbox 4255 4301 4312 4364; x_wconf 90' lang='lat' dir='ltr'>si</span> <span class='ocrx_word' id='word_1_383' title='bbox 4371 4302 4562 4367; x_wconf 90' lang='lat' dir='ltr'>docte</span> 
     </span>
     <span class='ocr_line' id='line_1_36' title="bbox 1339 4395 4561 4488; baseline 0 -19"><span class='ocrx_word' id='word_1_384' title='bbox 1339 4413 1408 4469; x_wconf 89' lang='lat' dir='ltr'>et</span> <span class='ocrx_word' id='word_1_385' title='bbox 1451 4402 1779 4488; x_wconf 87' lang='lat' dir='ltr'>eleganter</span> <span class='ocrx_word' id='word_1_386' title='bbox 1823 4398 1911 4462; x_wconf 88' lang='lat' dir='ltr'>sit</span> <span class='ocrx_word' id='word_1_387' title='bbox 1954 4396 2241 4483; x_wconf 90' lang='lat' dir='ltr'>scriptus</span> <span class='ocrx_word' id='word_1_388' title='bbox 2293 4435 2362 4447; x_wconf 94' lang='lat'>—-</span> <span class='ocrx_word' id='word_1_389' title='bbox 2412 4396 2484 4462; x_wconf 94' lang='lat' dir='ltr'>id</span> <span class='ocrx_word' id='word_1_390' title='bbox 2528 4396 2713 4483; x_wconf 91' lang='lat' dir='ltr'>quod</span> <span class='ocrx_word' id='word_1_391' title='bbox 2762 4395 2942 4463; x_wconf 88' lang='lat' dir='ltr'>haud</span> <span class='ocrx_word' id='word_1_392' title='bbox 3011 4419 3168 4463; x_wconf 89' lang='lat' dir='ltr'>sane</span> <span class='ocrx_word' id='word_1_393' title='bbox 3233 4421 3492 4485; x_wconf 89' lang='lat' dir='ltr'>semper</span> <span class='ocrx_word' id='word_1_394' title='bbox 3556 4422 3680 4464; x_wconf 91' lang='lat' dir='ltr'>usu</span> <span class='ocrx_word' id='word_1_395' title='bbox 3749 4402 3928 4464; x_wconf 85' lang='lat' dir='ltr'>venit</span> <span class='ocrx_word' id='word_1_396' title='bbox 3983 4439 4046 4449; x_wconf 88' lang='lat'>-</span> <span class='ocrx_word' id='word_1_397' title='bbox 4100 4402 4561 4470; x_wconf 86' lang='lat' dir='ltr'>eruditioribus</span> 
     </span>
     <span class='ocr_line' id='line_1_37' title="bbox 1341 4499 4565 4593; baseline 0.001 -23"><span class='ocrx_word' id='word_1_398' title='bbox 1341 4527 1492 4570; x_wconf 88' lang='lat' dir='ltr'>esse</span> <span class='ocrx_word' id='word_1_399' title='bbox 1536 4499 2009 4591; x_wconf 83' lang='lat' dir='ltr'>perjucundum</span> <span class='ocrx_word' id='word_1_400' title='bbox 2066 4510 2135 4565; x_wconf 90' lang='lat' dir='ltr'>et</span> <span class='ocrx_word' id='word_1_401' title='bbox 2197 4500 2570 4585; x_wconf 88' lang='lat' dir='ltr'>perutilem:</span> <span class='ocrx_word' id='word_1_402' title='bbox 2638 4511 2774 4564; x_wconf 91' lang='lat' dir='ltr'>tum</span> <span class='ocrx_word' id='word_1_403' title='bbox 2840 4521 3142 4565; x_wconf 88' lang='lat' dir='ltr'>sermone</span> <span class='ocrx_word' id='word_1_404' title='bbox 3208 4502 3521 4567; x_wconf 89' lang='lat' dir='ltr'>utendum</span> <span class='ocrx_word' id='word_1_405' title='bbox 3589 4523 3738 4568; x_wconf 89' lang='lat' dir='ltr'>esse</span> <span class='ocrx_word' id='word_1_406' title='bbox 3786 4502 4041 4579; x_wconf 86' lang='lat' dir='ltr'>Latino,</span> <span class='ocrx_word' id='word_1_407' title='bbox 4086 4505 4142 4568; x_wconf 90' lang='lat' dir='ltr'>si</span> <span class='ocrx_word' id='word_1_408' title='bbox 4189 4506 4354 4590; x_wconf 88' lang='lat' dir='ltr'>quis,</span> <span class='ocrx_word' id='word_1_409' title='bbox 4401 4529 4565 4593; x_wconf 87' lang='lat' dir='ltr'>quae</span> 
     </span>
    </p>
   </div>
   <div class='ocr_carea' id='block_1_5' title="bbox 1341 4600 4564 4775">
    <p class='ocr_par' dir='ltr' id='par_1_5' title="bbox 1341 4600 4564 4775">
     <span class='ocr_line' id='line_1_38' title="bbox 1341 4600 4564 4690; baseline -0 -15"><span class='ocrx_word' id='word_1_410' title='bbox 1341 4607 1430 4675; x_wconf 89' lang='lat' dir='ltr'>ad</span> <span class='ocrx_word' id='word_1_411' title='bbox 1473 4606 1719 4690; x_wconf 90' lang='lat' dir='ltr'>scripta</span> <span class='ocrx_word' id='word_1_412' title='bbox 1761 4612 2050 4668; x_wconf 84' lang='lat' dir='ltr'>veterum</span> <span class='ocrx_word' id='word_1_413' title='bbox 2102 4602 2491 4669; x_wconf 88' lang='lat' dir='ltr'>illustranda</span> <span class='ocrx_word' id='word_1_414' title='bbox 2547 4600 2917 4678; x_wconf 86' lang='lat' dir='ltr'>confecerit,</span> <span class='ocrx_word' id='word_1_415' title='bbox 2981 4626 3127 4668; x_wconf 90' lang='lat' dir='ltr'>cum</span> <span class='ocrx_word' id='word_1_416' title='bbox 3194 4604 3408 4669; x_wconf 88' lang='lat' dir='ltr'>doctis</span> <span class='ocrx_word' id='word_1_417' title='bbox 3453 4604 3825 4671; x_wconf 88' lang='lat' dir='ltr'>hominibus</span> <span class='ocrx_word' id='word_1_418' title='bbox 3895 4608 4135 4671; x_wconf 85' lang='lat' dir='ltr'>exteris</span> <span class='ocrx_word' id='word_1_419' title='bbox 4181 4607 4339 4672; x_wconf 82' lang='lat' dir='ltr'>velit</span> <span class='ocrx_word' id='word_1_420' title='bbox 4394 4631 4564 4674; x_wconf 88' lang='lat' dir='ltr'>com·</span> 
     </span>
     <span class='ocr_line' id='line_1_39' title="bbox 1345 4709 1685 4775; baseline -0.012 0"><span class='ocrx_word' id='word_1_421' title='bbox 1345 4709 1685 4775; x_wconf 86' lang='lat' dir='ltr'>municata.</span> 
     </span>
    </p>
   </div>
   <div class='ocr_carea' id='block_1_6' title="bbox 1338 4832 4569 5441">
    <p class='ocr_par' dir='ltr' id='par_1_6' title="bbox 1338 4832 4569 5441">
     <span class='ocr_line' id='line_1_40' title="bbox 1514 4832 4566 4924; baseline -0.001 -22"><span class='ocrx_word' id='word_1_422' title='bbox 1514 4834 1769 4903; x_wconf 91' lang='lat' dir='ltr'>Deinde</span> <span class='ocrx_word' id='word_1_423' title='bbox 1815 4833 1996 4921; x_wconf 89' lang='lat' dir='ltr'>quod</span> <span class='ocrx_word' id='word_1_424' title='bbox 2037 4832 2211 4899; x_wconf 90' lang='lat' dir='ltr'>idem</span> <span class='ocrx_word' id='word_1_425' title='bbox 2251 4835 2364 4900; x_wconf 90' lang='lat' dir='ltr'>ille</span> <span class='ocrx_word' id='word_1_426' title='bbox 2389 4834 2508 4900; x_wconf 89' lang='lat' dir='ltr'>Vir</span> <span class='ocrx_word' id='word_1_427' title='bbox 2553 4833 2974 4899; x_wconf 87' lang='lat' dir='ltr'>doctissimus</span> <span class='ocrx_word' id='word_1_428' title='bbox 3021 4835 3149 4900; x_wconf 86' lang='lat' dir='ltr'>alio</span> <span class='ocrx_word' id='word_1_429' title='bbox 3196 4835 3346 4899; x_wconf 91' lang='lat' dir='ltr'>loco</span> <span class='ocrx_word' id='word_1_430' title='bbox 3391 4835 3574 4900; x_wconf 90' lang='lat' dir='ltr'>dicit:</span> <span class='ocrx_word' id='word_1_431' title='bbox 3635 4834 3976 4900; x_wconf 76' lang='lat' dir='ltr'>»Deremot</span> <span class='ocrx_word' id='word_1_432' title='bbox 4019 4834 4233 4900; x_wconf 87' lang='lat' dir='ltr'>skulle</span> <span class='ocrx_word' id='word_1_433' title='bbox 4267 4836 4386 4924; x_wconf 85' lang='lat' dir='ltr'>jag</span> <span class='ocrx_word' id='word_1_434' title='bbox 4425 4858 4566 4924; x_wconf 88' lang='lat' dir='ltr'>ger·</span> 
     </span>
     <span class='ocr_line' id='line_1_41' title="bbox 1346 4934 4566 5024; baseline -0.001 -18"><span class='ocrx_word' id='word_1_435' title='bbox 1346 4963 1449 5018; x_wconf 92' lang='lat' dir='ltr'>na,</span> <span class='ocrx_word' id='word_1_436' title='bbox 1495 4962 1599 5004; x_wconf 92' lang='lat' dir='ltr'>om</span> <span class='ocrx_word' id='word_1_437' title='bbox 1643 4936 2107 5023; x_wconf 73' lang='lat' dir='ltr'>forfattningen</span> <span class='ocrx_word' id='word_1_438' title='bbox 2151 4934 2264 5000; x_wconf 89' lang='lat' dir='ltr'>det</span> <span class='ocrx_word' id='word_1_439' title='bbox 2306 4937 2491 5010; x_wconf 62' lang='lat' dir='ltr'>ellat,</span> <span class='ocrx_word' id='word_1_440' title='bbox 2537 4936 2693 5023; x_wconf 73' lang='lat' dir='ltr'>vilja</span> <span class='ocrx_word' id='word_1_441' title='bbox 2737 4934 3156 5001; x_wconf 69' lang='lat' dir='ltr'>efterskanka</span> <span class='ocrx_word' id='word_1_442' title='bbox 3183 4935 3375 5002; x_wconf 68' lang='lat' dir='ltr'>afven</span> <span class='ocrx_word' id='word_1_443' title='bbox 3418 4936 4098 5024; x_wconf 85' lang='lat' dir='ltr'>gradualskrifningen</span> <span class='ocrx_word' id='word_1_444' title='bbox 4143 4937 4254 5002; x_wconf 80' lang='lat' dir='ltr'>vid</span> <span class='ocrx_word' id='word_1_445' title='bbox 4300 4938 4566 5005; x_wconf 86' lang='lat' dir='ltr'>Univer-</span> 
     </span>
     <span class='ocr_line' id='line_1_42' title="bbox 1350 5037 4564 5128; baseline -0.001 -18"><span class='ocrx_word' id='word_1_446' title='bbox 1350 5045 1588 5117; x_wconf 86' lang='lat' dir='ltr'>sitetet‚</span> <span class='ocrx_word' id='word_1_447' title='bbox 1632 5040 1910 5104; x_wconf 83' lang='lat' dir='ltr'>likasom</span> <span class='ocrx_word' id='word_1_448' title='bbox 1954 5037 2645 5125; x_wconf 83' lang='lat' dir='ltr'>exercitiiskrifningen</span> <span class='ocrx_word' id='word_1_449' title='bbox 2689 5038 2889 5104; x_wconf 89' lang='lat' dir='ltr'>redan</span> <span class='ocrx_word' id='word_1_450' title='bbox 2935 5043 3011 5102; x_wconf 64' lang='lat' dir='ltr'>ar</span> <span class='ocrx_word' id='word_1_451' title='bbox 3052 5060 3286 5126; x_wconf 90' lang='lat' dir='ltr'>genom</span> <span class='ocrx_word' id='word_1_452' title='bbox 3334 5038 3417 5103; x_wconf 90' lang='lat' dir='ltr'>de</span> <span class='ocrx_word' id='word_1_453' title='bbox 3460 5059 3591 5126; x_wconf 88' lang='lat' dir='ltr'>nya</span> <span class='ocrx_word' id='word_1_454' title='bbox 3635 5049 4000 5103; x_wconf 90' lang='lat' dir='ltr'>statuterna</span> <span class='ocrx_word' id='word_1_455' title='bbox 4020 5040 4395 5128; x_wconf 84' lang='lat' dir='ltr'>borttagen;</span> <span class='ocrx_word' id='word_1_456' title='bbox 4440 5041 4564 5107; x_wconf 91' lang='lat' dir='ltr'>och</span> 
     </span>
     <span class='ocr_line' id='line_1_43' title="bbox 1338 5138 4568 5234; baseline -0.002 -22"><span class='ocrx_word' id='word_1_457' title='bbox 1338 5148 1459 5234; x_wconf 86' lang='lat' dir='ltr'>jag</span> <span class='ocrx_word' id='word_1_458' title='bbox 1499 5144 1621 5209; x_wconf 90' lang='lat' dir='ltr'>har</span> <span class='ocrx_word' id='word_1_459' title='bbox 1662 5141 1768 5206; x_wconf 72' lang='lat' dir='ltr'>for</span> <span class='ocrx_word' id='word_1_460' title='bbox 1811 5139 1967 5205; x_wconf 86' lang='lat' dir='ltr'>flera</span> <span class='ocrx_word' id='word_1_461' title='bbox 2011 5139 2085 5204; x_wconf 67' lang='lat' dir='ltr'>fir</span> <span class='ocrx_word' id='word_1_462' title='bbox 2128 5138 2332 5204; x_wconf 86' lang='lat' dir='ltr'>sedan</span> <span class='ocrx_word' id='word_1_463' title='bbox 2376 5140 2527 5205; x_wconf 91' lang='lat' dir='ltr'>med</span> <span class='ocrx_word' id='word_1_464' title='bbox 2569 5140 2699 5204; x_wconf 89' lang='lat' dir='ltr'>min</span> <span class='ocrx_word' id='word_1_465' title='bbox 2740 5144 2886 5205; x_wconf 73' lang='lat' dir='ltr'>rost</span> <span class='ocrx_word' id='word_1_466' title='bbox 2927 5140 3213 5229; x_wconf 87' lang='lat' dir='ltr'>bidragit</span> <span class='ocrx_word' id='word_1_467' title='bbox 3255 5142 3354 5206; x_wconf 88' lang='lat' dir='ltr'>till</span> <span class='ocrx_word' id='word_1_468' title='bbox 3397 5141 3904 5228; x_wconf 88' lang='lat' dir='ltr'>philosophiska</span> <span class='ocrx_word' id='word_1_469' title='bbox 3960 5140 4375 5207; x_wconf 86' lang='lat' dir='ltr'>Facultetens</span> <span class='ocrx_word' id='word_1_470' title='bbox 4438 5142 4568 5208; x_wconf 74' lang='lat' dir='ltr'>for·</span> 
     </span>
     <span class='ocr_line' id='line_1_44' title="bbox 1356 5242 4569 5336; baseline -0.002 -21"><span class='ocrx_word' id='word_1_471' title='bbox 1356 5250 1502 5336; x_wconf 87' lang='lat' dir='ltr'>slag</span> <span class='ocrx_word' id='word_1_472' title='bbox 1542 5248 1563 5311; x_wconf 92' lang='lat' dir='ltr'>i</span> <span class='ocrx_word' id='word_1_473' title='bbox 1610 5245 1739 5311; x_wconf 90' lang='lat' dir='ltr'>den</span> <span class='ocrx_word' id='word_1_474' title='bbox 1782 5243 2205 5331; x_wconf 82' lang='lat' dir='ltr'>riktningen«,</span> <span class='ocrx_word' id='word_1_475' title='bbox 2274 5242 2575 5327; x_wconf 91' lang='lat' dir='ltr'>equidem</span> <span class='ocrx_word' id='word_1_476' title='bbox 2646 5265 2779 5309; x_wconf 93' lang='lat' dir='ltr'>non</span> <span class='ocrx_word' id='word_1_477' title='bbox 2846 5264 3005 5309; x_wconf 89' lang='lat' dir='ltr'>sane</span> <span class='ocrx_word' id='word_1_478' title='bbox 3067 5244 3240 5310; x_wconf 92' lang='lat' dir='ltr'>idem</span> <span class='ocrx_word' id='word_1_479' title='bbox 3306 5244 3535 5310; x_wconf 90' lang='lat' dir='ltr'>sentio.</span> <span class='ocrx_word' id='word_1_480' title='bbox 3646 5243 4052 5328; x_wconf 87' lang='lat' dir='ltr'>Quamquam</span> <span class='ocrx_word' id='word_1_481' title='bbox 4118 5244 4284 5308; x_wconf 90' lang='lat' dir='ltr'>enim</span> <span class='ocrx_word' id='word_1_482' title='bbox 4335 5266 4569 5330; x_wconf 84' lang='lat' dir='ltr'>nequa-</span> 
     </span>
     <span class='ocr_line' id='line_1_45' title="bbox 1354 5343 4567 5441; baseline -0.002 -24"><span class='ocrx_word' id='word_1_483' title='bbox 1354 5372 1549 5441; x_wconf 91' lang='lat' dir='ltr'>quam</span> <span class='ocrx_word' id='word_1_484' title='bbox 1592 5346 1977 5436; x_wconf 85' lang='lat' dir='ltr'>negaverim,</span> <span class='ocrx_word' id='word_1_485' title='bbox 2022 5343 2351 5411; x_wconf 86' lang='lat' dir='ltr'>scribendi</span> <span class='ocrx_word' id='word_1_486' title='bbox 2393 5345 2560 5422; x_wconf 86' lang='lat' dir='ltr'>illas,</span> <span class='ocrx_word' id='word_1_487' title='bbox 2604 5345 2833 5411; x_wconf 86' lang='lat' dir='ltr'>Latine</span> <span class='ocrx_word' id='word_1_488' title='bbox 2876 5347 3288 5432; x_wconf 87' lang='lat' dir='ltr'>praesertim,</span> <span class='ocrx_word' id='word_1_489' title='bbox 3335 5347 3849 5424; x_wconf 84' lang='lat' dir='ltr'>exercitationes,</span> <span class='ocrx_word' id='word_1_490' title='bbox 3893 5349 3958 5412; x_wconf 90' lang='lat' dir='ltr'>in</span> <span class='ocrx_word' id='word_1_491' title='bbox 4003 5347 4239 5431; x_wconf 86' lang='lat' dir='ltr'>quibus</span> <span class='ocrx_word' id='word_1_492' title='bbox 4297 5369 4429 5413; x_wconf 91' lang='lat' dir='ltr'>non</span> <span class='ocrx_word' id='word_1_493' title='bbox 4471 5371 4567 5412; x_wconf 71' lang='lat' dir='ltr'>ea&gt;—</span> 
     </span>
    </p>
   </div>
   <div class='ocr_carea' id='block_1_7' title="bbox 4900 0 4936 1690">
    <p class='ocr_par' dir='ltr' id='par_1_7' title="bbox 4900 0 4936 1690">
     <span class='ocr_line' id='line_1_46' title="bbox 4900 0 4936 1690; baseline 0 0"><span class='ocrx_word' id='word_1_494' title='bbox 4900 0 4936 1690; x_wconf 95' lang='lat' dir='ltr'> </span> 
     </span>
    </p>
   </div>
   <div class='ocr_carea' id='block_1_8' title="bbox 4911 4335 4924 4970">
    <p class='ocr_par' dir='ltr' id='par_1_8' title="bbox 4911 4335 4924 4970">
     <span class='ocr_line' id='line_1_47' title="bbox 4911 4335 4924 4970; baseline 0 0"><span class='ocrx_word' id='word_1_495' title='bbox 4911 4335 4924 4970; x_wconf 95' lang='lat' dir='ltr'> </span> 
     </span>
    </p>
   </div>
   <div class='ocr_carea' id='block_1_9' title="bbox 4910 5813 4925 6483">
    <p class='ocr_par' dir='ltr' id='par_1_9' title="bbox 4910 5813 4925 6483">
     <span class='ocr_line' id='line_1_48' title="bbox 4910 5813 4925 6483; baseline 0 0"><span class='ocrx_word' id='word_1_496' title='bbox 4910 5813 4925 6483; x_wconf 95' lang='lat' dir='ltr'> </span> 
     </span>
    </p>
   </div>
  </div>
 </body>
</html>
