4984 6517
3443 541 3611 629 37⁷

506 751 706 828 muni
753 762 1148 829 versantur.
1248 753 1322 829 Is
1373 777 1669 856 quoque
1720 751 1989 855 optima
2014 775 2349 855 quaeque
2400 780 2501 830 ex
2547 753 2683 829 illis
2718 751 2857 830 sibi
2878 763 3113 830 sumat
3138 765 3456 855 oportet,
3486 782 3722 860 eaque

510 869 696 945 vitae
746 870 1030 972 generi,
1088 869 1290 977 quod
1336 870 1670 973 elegerit,
1724 869 2436 960 convenientissima;
2487 896 2922 978 quamquam
2950 897 3209 948 eorum
3239 872 3448 951 facile
3471 901 3724 952 acces·

508 987 726 1063 serim
777 988 1206 1077 sententiae,
1259 988 1386 1096 qui
1428 997 1770 1076 statuunt,
1828 989 1953 1097 qui
1999 987 2144 1063 hoc
2167 990 2405 1065 solum
2442 989 2756 1077 studeat,
2806 989 2875 1064 ei
2916 1015 3064 1065 non
3094 1016 3258 1067 esse
3288 992 3382 1068 ad
3407 994 3724 1069 animum

512 1105 727 1181 bonis
771 1106 1041 1182 artibus
1086 1105 1563 1182 imbuendum
1602 1105 2230 1212 erudiendumque
2275 1105 2492 1182 ullam
2545 1105 2936 1185 litterarum
2966 1110 3417 1215 antiquarum
3450 1119 3728 1212 partem

513 1248 811 1324 prorsus
859 1224 1372 1313 necessariam,
1423 1224 1696 1301 nedum
1747 1224 1844 1312 ei,
1900 1223 2024 1333 qui
2073 1223 2167 1299 ad
2209 1233 2431 1299 artem
2491 1225 2900 1330 quampiam
2956 1237 3466 1335 quaestuosam
3510 1253 3730 1305 exer·

515 1341 822 1418 cendam
876 1343 996 1418 vel
1045 1341 1139 1417 ad
1190 1342 1557 1444 opificium
1608 1342 1906 1450 aliquod
1955 1341 2417 1419 factitandum
2468 1344 2880 1444 praeparari
2918 1370 2999 1420 se
3052 1346 3306 1446 cupiat.

815 1511 997 1588 Nam
1050 1512 1113 1587 si
1164 1514 1533 1619 quaeritur
1560 1512 1653 1588 de
1681 1512 1904 1589 rebus
1929 1512 2155 1589 modo
2176 1511 2382 1615 ipsis,
2433 1537 2624 1619 quae
2653 1513 2896 1588 litteris
2924 1514 3230 1621 antiquis
3259 1517 3730 1602 continentur,

517 1628 653 1705 hae
728 1630 1024 1737 quidem
1096 1630 1387 1707 duobus
1460 1630 1698 1707 modis
1746 1630 2018 1732 percipi
2072 1632 2571 1738 cognoscique
2621 1640 2953 1731 possunt,
3006 1639 3131 1706 aut
3176 1657 3275 1707 ex
3319 1631 3733 1734 archetypis

515 1756 635 1823 aut
682 1774 780 1823 ex
827 1748 1435 1850 interpretatione.

819 1920 962 2012 Qui
1017 1920 1296 2023 linguas
1350 1926 1638 1994 veteres
1688 1918 1927 1995 studio
1978 1918 2526 2025 patrocinioque
2603 1917 2922 2021 amplexi
2995 1927 3276 1997 sunt‘et
3321 1920 3444 2027 qui
3487 1928 3738 1994 contra

516 2063 760 2114 rerum
839 2039 1183 2138 ipsarum,
1260 2064 1449 2146 quae
1501 2037 1749 2113 litteris
1798 2037 2270 2123 continentur,
2314 2051 2386 2111 et
2436 2061 2688 2112 earum
2735 2037 3112 2136 imprimis,
3169 2063 3356 2146 quae
3407 2037 3500 2113 ad
3550 2037 3736 2111 vitae

521 2182 727 2232 usum
776 2155 1204 2242 referuntur,
1253 2156 1592 2231 scientiae
1637 2155 2063 2230 exstiterunt
2097 2164 2710 2256 propugnatores,
2745 2155 2933 2231 inter
2956 2180 3038 2231 se
3068 2155 3189 2231 diu
3221 2156 3735 2258 disceptarunt,

516 2300 690 2350 num
738 2283 931 2349 esset
974 2273 1273 2380 aliquid,
1332 2297 1563 2348 necne
1600 2284 1822 2361 esset,
1856 2272 2058 2380 quod
2106 2273 2294 2348 inter
2345 2297 2701 2348 conversa
2754 2283 2824 2348 et
2873 2271 3266 2376 archetypa
3294 2295 3739 2375 magnopere

522 2392 861 2468 differret.
938 2390 1062 2467 Ad
1108 2392 1307 2499 quod
1350 2391 1784 2492 simpliciter,
1840 2404 1916 2466 ut
1965 2403 2082 2466 aut
2127 2394 2280 2490 ajas
2320 2399 2443 2465 aut
2486 2416 2744 2495 negeS,
2798 2417 2947 2467 non
2989 2392 3226 2494 possis
3264 2388 3737 2493 respondere.

518 2510 698 2586 Nam
755 2510 818 2587 si
868 2510 940 2586 in
986 2509 1106 2597 iis,
1162 2535 1349 2617 quae
1392 2510 1727 2585 translata
1767 2518 1963 2597 sunt,
2016 2508 2185 2584 nihil
2236 2508 2428 2584 aliud
2477 2510 2838 2612 requiras,
2888 2510 3025 2585 nisi
3069 2536 3189 2586 res
3239 2510 3430 2611 ipsas
3461 2534 3596 2610 per
3621 2533 3740 2595 se,

494 2643 593 2706 'et
660 2655 910 2706 earum
984 2627 1245 2731 magis,
1332 2636 1406 2702 ut
1471 2629 1570 2702 ita
1640 2626 1904 2714 dicam,
1969 2652 2239 2728 genera
2314 2636 2387 2702 et
2447 2628 2785 2702 notiones
2834 2653 3047 2734 quam
3101 2627 3369 2703 formas
3417 2636 3491 2702 et
3538 2626 3745 2734 quasi

521 2750 773 2836 facieS,
829 2746 1053 2821 fatear
1105 2770 1225 2818 me
1273 2743 1380 2817 sic
1424 2742 1721 2829 sentire,
1774 2752 2100 2818 veterum
2164 2744 2447 2819 illorum
2499 2746 2761 2845 scripta
2814 2745 3178 2847 quaelibet
3224 2772 3441 2845 posse
3491 2745 3564 2821 in
3612 2745 3746 2819 lin-

527 2893 742 2973 guam
800 2862 1158 2972 quamviS,
1212 2860 1440 2935 modo
1488 2885 1637 2935 non
1670 2860 2038 2948 incultam,
2066 2862 2453 2938 transferri.
2511 2866 2967 2973 Quamquam
2994 2863 3187 2939 enim
3217 2888 3749 2965 saepenumero

527 3011 663 3063 usu
705 2983 929 3068 venit,
976 2990 1055 3056 ut
1103 3005 1245 3055 una
1292 2978 1535 3081 lingua
1559 2988 1799 3054 careat
1823 2978 2215 3067 vocabulo,
2266 2980 2467 3087 quod
2506 2979 2769 3057 habeat
2802 2982 3054 3069 altera,
3089 2991 3166 3059 ut
3201 3007 3423 3088 quum
3451 2992 3562 3056 est
3585 3005 3748 3056 ver-

529 3105 705 3181 bum
757 3098 1051 3207 aliquod
1101 3096 1464 3184 Latinum,
1517 3097 1635 3172 cui
1678 3098 2090 3212 Suecanum
2116 3099 2560 3199 respondeat
2583 3098 2855 3175 nullum
2884 3108 2956 3175 et
2975 3100 3287 3175 vicissim
3320 3107 3746 3186 retrorsum,

534 3232 608 3299 et
660 3220 871 3297 unius
921 3218 1223 3315 alicujus
1271 3214 1559 3316 linguae
1608 3213 2043 3290 vocabulum
2088 3242 2234 3291 non
2265 3217 2476 3315 plane
2498 3216 2696 3292 idem
2720 3217 2954 3293 valeat
2978 3227 3194 3325 atque
3221 3219 3294 3293 in
3322 3217 3543 3292 altera
3574 3240 3752 3290 con-

536 3338 783 3418 similis
849 3335 1159 3411 notionis
1222 3332 1562 3422 verbum,
1614 3333 1708 3409 ita
1762 3342 1839 3408 ut
1885 3334 2214 3410 subtilius
2268 3335 2636 3438 disputans
2688 3334 2959 3411 audeas
3008 3335 3483 3423 contendere,
3536 3358 3752 3409 voca-

535 3458 709 3534 bula
757 3454 1086 3553 ejusdem
1136 3451 1702 3554 significationis,
1754 3461 1829 3527 ut
1872 3451 2358 3555 perhibentur,
2412 3455 2813 3556 linguarum
2846 3454 3289 3531 diversarum
3340 3479 3486 3530 non
3538 3454 3754 3555 plane

535 3576 733 3652 idem
784 3570 1222 3674 significare,
1271 3568 1405 3644 sed
1465 3568 1704 3670 potius
1754 3569 2089 3647 habenda
2122 3598 2285 3647 esse
2312 3574 2383 3647 in
2414 3573 2851 3675 synonymis
2877 3573 3166 3676 linguae
3194 3571 3569 3673 quusdam
3598 3571 3755 3646 uni-

533 3717 820 3778 versae,
897 3714 1110 3795 quam
1184 3689 1413 3790 fingas
1481 3712 1582 3762 ex
1663 3689 1939 3764 cunctis
1991 3700 2323 3765 constare
2377 3690 2637 3793 linguis
2686 3735 2781 3749 -
2836 3692 2968 3766 sed
3014 3701 3251 3766 tamen
3329 3690 3510 3765 baec
3563 3697 3755 3765 tanta

537 3807 1051 3912 interpretandi
1079 3804 1455 3881 difficultas
1506 3831 1593 3880 ac
1638 3831 1870 3907 prope
1904 3809 2493 3909 impedimentum
2537 3809 2854 3916 quodam
2880 3809 3103 3906 modo
3133 3807 3458 3911 superari
3484 3814 3753 3907 potest;

542 3955 711 4005 nam
766 3951 1006 4001 rerum
1063 3924 1125 4000 si
1167 3948 1315 3998 non
1368 3923 1591 3999 facies
1642 3935 1715 3999 et
1766 3926 1971 4032 quasi
2016 3927 2283 4015 vultuS,
2337 3937 2576 4002 tamen
2620 3926 2729 4002 vis
2778 3927 2936 4029 ipsa
2983 3927 3026 4003 i.
3069 3953 3133 4003 e.
3169 3927 3506 4002 notiones
3532 3949 3756 4029 gene-

546 4047 736 4123 rales
791 4041 1043 4151 quavis
1094 4040 1248 4117 fere
1294 4041 1534 4145 lingua
1585 4043 1875 4118 exculta
1916 4044 2127 4119 reddi
2172 4044 2631 4152 exprimique
2680 4053 3014 4144 possunt,
3055 4055 3128 4121 et
3155 4045 3216 4121 si
3246 4042 3538 4153 quando
3569 4042 3757 4117 acci-

550 4163 765 4251 derit,
841 4169 918 4236 ut
990 4160 1234 4260 lingua
1306 4162 1497 4258 ejus»,
1581 4161 1705 4266 qui
1772 4159 2381 4263 interpretabitur,
2459 4161 2757 4264 proprio
2808 4157 3170 4239 vocabulo
3223 4162 3500 4271 aliquo,
3554 4158 3756 4268 quod

552 4306 737 4383 opus
780 4279 899 4366 sit,
950 4286 1219 4365 careat,
1270 4277 1334 4353 is
1383 4291 1621 4354 tamen
1666 4276 2064 4381 archetypo
2117 4280 2271 4368 illo,
2323 4287 2687 4386 tamquam
2737 4281 3046 4356 termino
3098 4280 3464 4367 technico,
3535 4302 3754 4384 quem

547 4410 840 4486 vocant,
890 4394 1269 4471 retinendo
1314 4420 1469 4472 rem
1520 4394 1726 4472 facile
1768 4400 2130 4499 expediet.

853 4585 1117 4659 Contra
1168 4607 1285 4669 ea,
1339 4581 1401 4657 si
1446 4582 1607 4688 quis
1656 4582 1729 4658 in
1780 4583 2002 4662 rebus
2056 4586 2590 4689 cognoscendis
2648 4587 2886 4689 cupiat
2958 4585 3232 4662 versari
3308 4585 3433 4676 ita,
3486 4595 3566 4663 ut
3609 4610 3762 4661 non

551 4706 789 4782 solum
842 4726 962 4776 res
1008 4726 1336 4808 quasque
1392 4702 1787 4799 generatim
1842 4704 2410 4805 comprehendat
2435 4730 2521 4780 ac
2553 4705 2927 4806 percipiat,
2960 4704 3093 4782 sed
3118 4704 3366 4794 etiam,
3415 4702 3763 4812 quicquid

551 4823 624 4898 in
671 4820 806 4897 illis
862 4818 1230 4921 proprium
1283 4829 1355 4895 et
1400 4821 1762 4925 singulare
1807 4834 1946 4911 est,
2000 4823 2517 4899 animadvertat
2567 4833 2640 4899 et
2687 4821 3210 4925 apprehendat,
3260 4848 3408 4931 quo
3448 4831 3762 4928 utroque

550 4949 838 5016 servato
892 4948 1136 5013 cernat
1181 4938 1679 5015 Romanorum
1731 4941 1963 5043 gentis
2013 4941 2409 5047 populique
2459 4966 2742 5017 morem
2790 4942 3112 5030 insitum,
3156 4966 3446 5029 sensus,
3498 4939 3763 5028 studia,

562 5083 749 5165 quae
773 5064 940 5132 sunt
968 5057 1208 5131 omnia
1236 5055 1482 5131 litteris
1532 5056 1665 5132 illis
1716 5057 2105 5166 linguaque
2156 5059 2311 5160 ipsa
2358 5084 2533 5133 vere
2561 5085 2646 5134 ac
2672 5060 2965 5162 proprie
2989 5086 3373 5162 expressa,
3407 5068 3556 5136 tum
3582 5082 3761 5132 vero

567 5173 968 5275 archetypo
1045 5200 1230 5274 opus
1300 5184 1441 5263 est;
1525 5176 2116 5283 quandoquidem
2193 5176 2540 5253 orationis
2606 5178 2941 5285 antiquae
2994 5182 3377 5288 omnisque
3437 5187 3762 5253 veterum

571 5292 1020 5370 humanitatis
1113 5293 1397 5393 species
1493 5303 1568 5369 et
1646 5294 1850 5399 quasi
1937 5295 2147 5371 color
2224 5295 2765 5398 interpretando
2839 5297 3206 5373 transferri
3280 5322 3428 5374 non
3502 5303 3758 5397 potest„
