4984 6517
1295 597 1469 685 358

1181 834 1539 908 meamque
1606 809 2060 893 verissimam3
2140 833 2315 906 quae
2394 834 2481 882 ne
2568 832 2878 907 magnam
2933 807 3108 880 illam
3160 809 3621 881 auctoritatem
3675 809 3869 905 parvi
3921 806 4148 882 facete
4201 806 4462 892 videar,

1184 952 1633 1028 praemonere
1684 926 1885 1000 volui.

1591 1097 1654 1169 1.
1733 1091 2280 1169 Mscnocrsns
2342 1088 2648 1167 Οὔπω
2699 1091 2985 1165 Aresch.
3041 1093 3224 1167 Icon.
3281 1092 3501 1192 Phyc.
3556 1094 3614 1166 I.
3670 1111 3719 1168 t.
3771 1094 3865 1166 X.
3907 1121 3989 1195 p.
4042 1098 4106 1168 5.

1492 1230 1613 1304 Ex
1666 1253 1795 1303 ora
1844 1226 2099 1302 Novae
2156 1224 2593 1300 Hollandiae
2648 1225 3163 1314 meridionalis,
3185 1227 3259 1301 in
3282 1225 3447 1301 sinu
3476 1227 3655 1302 Port
3678 1223 3937 1327 Phillip
3962 1225 4170 1312 lecta,
4199 1225 4466 1300 iterum

1186 1345 1599 1448 iterumque
1646 1353 2032 1445 reportata.

1494 1481 1886 1583 Specimina
1940 1480 2226 1556 diversis
2278 1484 2429 1553 anni
2481 1481 2901 1579 temporibus
2954 1479 3234 1553 collecta
3268 1490 3336 1551 et
3366 1502 3400 1549 a
3429 1503 3539 1551 me
3561 1490 3838 1578 recepta
3875 1505 4152 1577 semper
4176 1476 4466 1552 eundem

1186 1599 1484 1673 habitum
1538 1599 1959 1697 eosdemque
2001 1599 2426 1672 characteres
2473 1599 2950 1696 praebuerunt.
3050 1594 3128 1669 In
3171 1595 3301 1668 bac
3354 1598 3609 1694 specie,
3660 1610 3731 1670 ut
3780 1598 3976 1670 etiam
4029 1599 4094 1668 in
4138 1593 4244 1667 M.
4282 1597 4466 1695 pyri-

1191 1716 1331 1794 ἴθι-ι
1398 1717 1576 1814 Aga,
1652 1717 1964 1817 pulvinus
2015 1716 2322 1790 radicalis
2398 1714 2828 1800 orbicularis,
2883 1739 3263 1800 convexus,
3318 1712 3645 1787 diametro
3699 1741 3916 1813 usque
3968 1714 4472 1813 18·pollicaris,

1190 1839 1613 1935 compositus
1659 1847 1765 1908 est
1820 1834 2156 1908 radicibus
2203 1834 2528 1908 teretibus
2575 1834 3047 1907 ramosissimis
3101 1833 3451 1918 intricatis,
3505 1859 3767 1905 sursum
3821 1834 3886 1904 in
3938 1832 4168 1906 caules
4215 1843 4466 1905 teretes

1192 1953 1624 2044 abeuntibus,
1673 1954 1786 2052 qui
1838 1953 2188 2028 character
2239 1952 2552 2026 omnibus
2605 1952 2972 2050 speciebus
3024 1951 3216 2023 caule
3269 1952 3461 2024 tereti
3499 1951 3874 2023 communis
3930 1948 4209 2024 videtur.

1591 2122 1661 2195 2.
1742 2119 2290 2199 Macaocrs‘rrs
2341 2142 2730 2196 Pastum
2785 2119 3073 2192 Aresch.
3129 2129 3204 2192 in
3260 2119 3330 2191 J.
3385 2121 3527 2216 Ag.
3579 2146 3682 2219 sp.
3724 2146 3882 2214 gen.
3935 2119 3994 2191 I.
4040 2146 4122 2220 p.
4178 2123 4320 2192 157.

1490 2255 1617 2330 Ad
1686 2254 1926 2331 littora
1972 2253 2371 2329 insularum
2422 2253 2524 2329 St.
2581 2252 2786 2329 Pauli
2834 2263 2907 2329 et
2957 2251 3531 2329 Amsterlodami
3585 2276 3949 2338 crescens,
4034 2249 4301 2351 (saltim
4381 2250 4454 2324 in

1190 2396 1443 2447 earum
1496 2372 1757 2448 vicinia
1807 2373 1987 2448 mari
2038 2372 2367 2446 innatans
2416 2370 2639 2474 lecta)
2683 2371 2756 2446 in
2812 2396 3019 2447 oram
3065 2371 3475 2472 Capensem
3514 2368 3728 2445 undis
3750 2368 4000 2444 forsan
4026 2377 4457 2469 reportatur,

1192 2514 1632 2592 quamquam
1679 2489 1984 2577 ibidem,
2054 2498 2401 2592 quantum
2454 2489 2648 2576 scio,
2703 2487 2898 2565 baud
2953 2488 3235 2564 crescit.

1498 2642 1856 2718 Pulvinum
1910 2643 2265 2718 radicalem
2318 2670 2656 2743 nunquam
2711 2644 3016 2717 vidimus.
3091 2641 3322 2717 Caulis
3377 2643 3845 2741 longissimus,
3876 2644 3940 2713 in
3968 2643 4218 2715 nostris
4246 2643 4466 2740 speci·

1193 2763 1480 2836 minibus
1564 2763 1979 2863 2-orgyalis‚
2073 2765 2346 2835 omnino
2398 2774 2607 2847 teres,
2659 2762 2918 2835 inferne
2977 2764 3070 2859 13
3126 2761 3364 2833 lineam
3440 2763 3742 2833 crassitie
3819 2784 4156 2857 aequans,
4205 2762 4467 2858 apicem

1194 2906 1462 2966 versus,
1512 2892 1585 2952 ut
1630 2882 1694 2952 in
1744 2880 2057 2952 omnibus
2113 2882 2384 2978 generis
2438 2881 2839 2979 speciebus,
2891 2878 3230 2977 paululum
3274 2890 3669 2951 attenuatus.
3728 2875 4089 2951 Vesiculae
4118 2876 4463 2949 inferiores

1192 2997 1458 3070 circiter
1484 2997 1854 3097 4-pollices
1881 2996 2225 3084 distantes,
2261 2995 2600 3096 pedicello
2632 2997 2934 3097 pollicari
2962 2995 3182 3070 solido
3212 2995 3538 3082 suffultae,
3561 2993 4424 3094 subelliptico·spbaericae
4447 3052 4463 3079 ,

1195 3113 1341 3187 basi
1405 3115 1470 3186 in
1536 3114 1937 3214 pedicellum
2006 3116 2407 3189 brevissime
2460 3128 2875 3200 attenuatae,
2941 3113 3096 3213 plus
3150 3139 3350 3213 quam
3405 3114 3724 3212 pollicem
3780 3113 4025 3210 longae
4077 3136 4463 3209 novemque

1195 3231 1403 3304 lineas
1476 3232 1758 3332 longae3
1833 3234 2222 3332 superiores
2285 3233 2431 3305 basi
2505 3234 2570 3306 in
2643 3230 3050 3331 pedicellum
3105 3231 3372 3331 longius
3425 3243 3494 3305 et
3539 3231 3994 3331 pyrisormiter
4055 3224 4464 3326 productam

1197 3375 1555 3447 supremae
1609 3353 1722 3422 vix
1777 3351 2036 3422 unciam
2089 3350 2412 3423 distantes
2464 3349 2760 3447 ideoque
2809 3349 3012 3447 longe
3066 3353 3279 3448 magis
3332 3375 3533 3448 quam
3601 3352 3664 3421 in
3715 3345 3821 3420 M.
3877 3347 4202 3448 pyr-isera,
4272 3350 4463 3441 cujus

1198 3466 1534 3539 vesiculae
1579 3494 1937 3566 supremae
1997 3471 2093 3564 (in
2142 3467 2625 3567 speciminibus
2671 3467 2932 3539 scilicet
2985 3468 3383 3563 majoribus)
3428 3467 3476 3539 2
3513 3465 3799 3564 pollices
3846 3477 3915 3538 et
3970 3464 4138 3536 ultra
4195 3463 4466 3555 distant,

1199 3587 1720 3684 approximatae.
1823 3582 2018 3657 Folia
2096 3585 2244 3658 basi
2319 3585 2932 3657 lanceolato-ovata
2985 3586 3048 3656 in
3100 3584 3413 3657 isthmum
3467 3582 3758 3656 vesicula
3829 3583 4026 3683 4-plo
4082 3583 4462 3655 breviorem

1199 3713 1561 3788 attenuata,
1615 3703 2031 3800 longissima,
2086 3729 2302 3802 usque
2360 3704 2449 3775 12
2493 3702 2775 3803 pollices
2825 3702 2984 3788 lata,
3035 3705 3218 3800 rugis
3265 3701 3920 3775 anastomosantibus
3968 3710 4236 3784 ornata,
4293 3726 4458 3771 mar—

1201 3822 1358 3917 gine
1394 3819 1707 3891 dentibus
1756 3820 2134 3904 linearibus,
2189 3845 2403 3918 usque
2454 3821 2502 3891 2
2559 3821 2765 3894 lineas
2819 3832 2888 3893 et
2938 3820 3102 3893 ultra
3162 3820 3405 3919 longis,
3458 3818 3609 3919 plus
3660 3822 3878 3892 minus
3919 3817 4131 3892 dense
4162 3821 4466 3893 obsessa.

1201 3936 1409 4037 Apex
1458 3938 1641 4036 ipse,
1693 3962 1779 4008 ex
1832 3962 1969 4033 quo
2020 3938 2201 4009 rimis
2253 3937 2404 4009 solia
2455 3938 2811 4022 secedunt,
2870 3964 2908 4010 e
2959 3938 3108 4011 basi
3160 3952 3355 4010 ovata
3412 3938 3686 4035 obliqua
3733 3936 4163 4009 subsalcatus.

1511 4066 1709 4148 Quae
1754 4072 2023 4170 species
2077 4072 2160 4143 sit
2206 4098 2407 4145 verus
2458 4069 2694 4144 Fucus
2724 4072 3054 4173 pyt-iseros
3084 4069 3312 4159 Linn.,
3351 4071 3532 4145 dictu
3556 4070 3825 4170 quidem
3860 4085 3961 4142 est
3993 4069 4462 4143 difficillimum.

1205 4185 1350 4261 Sed
1407 4190 1463 4260 si
1517 4187 1806 4272 caulem,
1859 4189 1970 4285 qui
2022 4214 2056 4258 a
2115 4185 2418 4261 Linnaeo
2474 4215 2910 4289 compressus
2963 4191 3205 4263 dicitur
3248 4196 3482 4290 (quem
3533 4203 3753 4263 autem
3785 4190 4472 4289 compressioniinter

1204 4306 1500 4379 chartam
1557 4305 1778 4379 forsan
1828 4305 2216 4380 adscribere
2276 4313 2706 4408 possumus),
2753 4334 2887 4380 uon
2947 4311 3260 4409 respicis,
3319 4309 3536 4408 planta
3589 4305 3870 4380 Linnaei
3923 4319 4150 4378 nostra
4205 4307 4471 4405 species

1202 4450 1357 4497 esse
1416 4423 1695 4500 videtur.
1801 4421 1961 4497 Hoc
2014 4436 2120 4497 est
2171 4427 2368 4498 etiam
2435 4424 2540 4497 illa
2611 4422 3107 4527 Macrocystis,
3167 4451 3339 4524 quae
3395 4429 3457 4496 in
3513 4424 3770 4497 Indiam
3821 4435 3888 4495 et
3951 4421 4235 4493 Chinam
4290 4425 4471 4494 navi-

1121 4581 1135 4596 ·
1202 4540 1548 4636 gautibus,
1606 4543 1672 4614 in
1724 4543 1887 4613 mari
1933 4543 2105 4614 inter
2163 4539 2332 4643 Cap.
2393 4544 2455 4615 b.
2511 4545 2656 4643 spei
2712 4542 2991 4640 illasque
3045 4556 3257 4617 terras
3314 4584 3407 4597 —
3459 4545 3545 4612 ita
3602 4542 3964 4615 retulerunt
4023 4541 4178 4613 mihi
4231 4553 4465 4612 nautae

1207 4699 1301 4713 --
1358 4657 1655 4730 «insulas
1691 4657 2032 4731 formare»
2090 4657 2370 4732 videtur.

1623 4825 1692 4898 3.
1774 4822 2319 4901 Maenocrsrrs
2381 4847 2952 4901 sucusruroms
3013 4829 3230 4926 Bory.
3285 4869 3378 4882 —
3426 4827 3497 4898 J.
3552 4828 3691 4924 Ag.
3749 4828 3793 4899 l.
3848 4855 3903 4899 c.
3943 4853 4026 4927 p.
4086 4830 4223 4900 156.

1508 4957 1627 5031 Ex
1708 4957 1859 5032 oris
1934 4955 2396 5032 Chilensibus
2446 4982 2682 5059 prope
2733 4957 3161 5059 Valparai'so
3215 4958 3404 5034 lecta
3448 4970 3522 5035 et
3569 4960 3828 5035 iterum
3882 4959 4296 5059 iterumque
4348 4956 4473 5031 ad-

1204 5083 1485 5175 portata
1531 5098 1829 5174 semper
1883 5073 2191 5149 eosdem
2247 5074 2585 5175 praebuit
2639 5074 3119 5151 characteres.

1506 5213 1835 5287 Pulvinus
1893 5212 2199 5287 radicalis
2253 5213 2561 5311 ejusdem
2641 5212 2893 5288 formae
2976 5228 3074 5300 et,
3153 5229 3471 5313 quantum
3528 5216 3715 5312 potui
3780 5215 4105 5312 experiri,
4167 5210 4473 5308 ejusdem

1206 5332 1674 5433 magnitudinis
1726 5343 1798 5402 ut
1851 5332 2099 5429 pulvini
2154 5331 2480 5405 radicales
2535 5328 2639 5402 M.
2691 5331 3025 5431 pyriserae
3072 5347 3142 5406 et
3188 5332 3291 5405 M.
3342 5329 3655 5418 Dubeni,
3703 5330 3826 5405 sed
3875 5333 4076 5429 longe
4103 5330 4231 5403 alio
4265 5327 4471 5399 modo
