4984 6517
1289 4164 1389 4233 45.

1383 550 1502 637 88

1477 761 1740 839 villoso
1801 770 2068 841 zonato
2121 762 2485 841 unicolori
2511 763 3041 869 albido-griseo
3056 824 3075 854 ,
3127 765 3328 868 poris
3376 765 3660 872 magnis
3707 765 3930 845 curtis
3964 767 4318 872 angulatis
4356 793 4516 847 acu·

1474 881 1566 958 fis
1618 881 1926 957 dentatis
1977 882 2579 960 fusco-umbrinis
2592 942 2611 972 ,
2663 884 2961 959 demum
3019 883 3574 986 expellentibus

1574 1025 1704 1101 Ad
1754 1034 2054 1102 truncos
2105 1052 2343 1129 prope
2389 1028 2690 1133 Palinga
2741 1032 2804 1128 (ἓ
2854 1053 2947 1103 an
2999 1027 3337 1107 locorum
3389 1032 3688 1109 nomina
3756 1038 3958 1108 recte
4013 1030 4320 1135 legerim
4396 1029 4520 1107 du-

1485 1140 1692 1220 bium
1738 1151 1912 1246 est),
1965 1145 2176 1248 regni
2225 1144 2616 1222 Mexicani.
2724 1147 3080 1223 Liebman.

1583 1292 1927 1370 Pororum
1979 1295 2195 1368 form·
2249 1307 2319 1370 et
2369 1293 2622 1369 fabrica
2669 1294 2758 1365 P.
2793 1302 3088 1395 pinsiti,
3141 1293 3267 1368 sed
3321 1294 3592 1370 colores
3644 1294 3847 1395 plene
3906 1295 3995 1369 P.
4056 1303 4345 1373 arctici.
4398 1315 4521 1393 pro

1480 1416 1676 1511 cujus
1726 1414 2046 1487 varietate
2090 1411 2314 1487 habui.
2417 1409 2604 1486 Inter
2657 1413 2744 1484 P.
2795 1423 3140 1485 arcticum
3193 1424 3263 1487 et
3308 1409 3752 1487 barbatulum
3816 1412 4113 1501 medius,
4178 1410 4525 1487 crescendi

1480 1530 1691 1606 modo
1741 1532 2119 1632 peculiaris.
2219 1528 2455 1605 Pileus
2506 1528 2650 1604 fere
2703 1531 3256 1606 membranaceus
3277 1588 3298 1620 ,
3366 1544 3686 1607 contextu
3754 1558 3967 1632 parco
4051 1530 4243 1618 albo,
4304 1529 4526 1603 flacci-

1486 1650 1613 1724 dus
1666 1652 1836 1749 (non
1900 1652 2280 1749 rigescens,
2332 1661 2408 1721 ut
2457 1649 2544 1722 P.
2578 1675 3071 1750 pargamcnm·
3120 1659 3191 1722 et
3254 1651 3515 1750 vicini),
3567 1652 3847 1751 proprie
3920 1652 4220 1749 integer,
4272 1644 4400 1722 sed
4445 1672 4526 1721 ex

1481 1771 1781 1845 umbone
1832 1770 2104 1870 postico
2159 1766 2534 1867 productus
2587 1768 2873 1841 lateralis
2932 1780 3248 1868 apparet,
3301 1770 3479 1842 reni-
3543 1769 3582 1841 l.
3645 1768 4157 1857 flabellisormis,
4207 1768 4531 1842 vetustior

1480 1889 1841 1964 undulatus
1895 1888 2272 1974 lobatusve,
2321 1890 2509 1960 4-2
2564 1912 2716 1960 unc.
2764 1887 2968 1973 latus,
3018 1887 3209 1960 zonis
3262 1885 3580 1961 consertis
3632 1888 3962 1976 sulcatus,
4027 1887 4331 1987 undique
4394 1884 4526 1959 hir·

1484 2018 1678 2082 sutus
1733 2020 1805 2083 et
1853 2007 2276 2081 albo-canus.
2375 2002 2547 2078 Pori
2594 2004 2944 2104 majusculi
2997 2003 3361 2078 admodum
3413 2008 3617 2095 curti,
3673 2008 3894 2106 primo
3946 2005 4215 2081 rotundi
4274 2005 4531 2091 obtusi,

1484 2152 1648 2199 mox
1698 2151 1867 2199 vero
1922 2150 2042 2198 ore
2091 2134 2290 2197 acuto
2345 2122 2678 2223 inaequali
2729 2121 3010 2211 dentati,
3065 2125 3320 2222 passim
3374 2128 3802 2199 comentrico
3880 2123 4191 2225 dispositi
4243 2123 4530 2224 dissepi-

1484 2245 1867 2343 mentisque
1915 2243 2347 2316 transversim
2418 2241 2756 2330 laceratis,
2805 2253 2881 2314 ut
2927 2242 3216 2318 subinde
3266 2244 3355 2316 Ρ.
3399 2241 3775 2331 abietinas,
3837 2242 4375 2345 Cyclomycctem
4424 2267 4531 2317 re-

1485 2362 1633 2437 fert.

1491 2509 1573 2585 P.
1629 2527 2238 2593 cwnnuomm,
2291 2503 2667 2592 minimus,
2711 2528 2849 2606 per
2892 2505 3237 2584 corticem
3293 2534 3719 2613 erumpens,
3774 2510 3973 2613 pileo
4026 2509 4371 2587 coriaceo
4429 2516 4534 2585 te·-

1486 2625 1615 2702 nui
1689 2623 2371 2724 semicampanulato
2449 2622 2776 2725 pendulo
2872 2623 3552 2732 sericeo-laevigato
3640 2628 3986 2706 zonatulo
4062 2635 4532 2715 canescente,

1485 2743 1690 2846 poris
1739 2741 2030 2818 minutis
2077 2741 2575 2844 inaequalibus
2625 2741 3361 2845 albopallescentibus
3411 2747 3740 2824 dentatis.

1584 2887 1669 2963 In
1721 2885 2021 2963 Mexico
2075 2884 2169 2961 ad
2219 2886 2583 2964 Huatano.
2688 2886 3047 2963 Liebman.

1591 3031 1803 3115 Quod
1852 3032 2101 3135 Polyp·
2135 3032 2688 3132 cupulaeformis
2740 3034 2914 3106 inter
2939 3030 3271 3120 Fomites,
3293 3030 3468 3108 haec
3514 3036 3785 3136 speeies
3816 3045 3924 3109 est
3952 3035 4124 3109 inter
4159 3030 4537 3108 Coriaceos
4620 3134 4641 3145 ·

1494 3162 1564 3227 et
1608 3152 1701 3225 ob
1754 3152 2191 3225 substantiam
2242 3163 2512 3225 tenuem
2571 3145 2973 3251 Cyphellam
3026 3153 3313 3227 maxime
3365 3151 3586 3228 refert.
3688 3151 3924 3228 Pileus
3951 3158 4137 3226 3--4
4164 3153 4272 3227 lin.
4329 3151 4537 3238 latus,

1489 3268 1825 3356 deflexus,
1868 3269 2203 3367 margines
2251 3296 2491 3344 versus
2543 3268 2858 3358 inflexus,
2910 3269 3282 3370 pendulus,
3328 3270 3456 3346 sed
3499 3272 3673 3347 latus
3711 3274 3985 3347 interius
4020 3271 4273 3346 fissum.
4376 3266 4536 3344 Do-

1485 3387 1705 3462 lemus
1757 3389 2124 3488 specimina
2177 3386 2542 3461 admodum
2595 3413 2804 3488 parca
2855 3386 3119 3464 adesse.

2112 3530 2182 3605 b.
2234 3527 2542 3606 Subtrib.
2595 3532 2683 3604 P.
2727 3543 3006 3618 scor-tei,
3059 3546 3378 3608 contextu
3422 3534 3695 3636 pallido.

1594 3663 1687 3738 H.
1743 3665 1808 3753 l.,
1861 3678 2135 3765 praeter
2193 3667 2394 3754 alios,
2448 3667 2535 3740 P.
2583 3664 2873 3741 rubidus
2933 3665 3164 3742 Berk.!
3214 3667 3410 3744 Ceut.
3472 3668 3560 3744 II.
3617 3700 3681 3745 n.
3733 3674 3897 3757 472,
3971 3669 4318 3765 (eximius!
4370 3692 4535 3742 suae

1491 3784 1869 3882 subu-ibus)
1921 3785 2010 3856 P.
2059 3785 2327 3858 zonalis
2386 3781 2618 3858 Berk!
2669 3781 2849 3859 Anu.
2909 3783 3073 3859 Nat.
3124 3784 3301 3862 Hist.
3345 3786 3467 3864 ΙΠ.
3525 3790 3611 3863 Ρ.
3662 3786 4070 3888 myri-himas
4130 3786 4359 3862 Kickx
4377 3844 4396 3874 ,
4449 3786 4535 3860 Ρ.

1490 3901 1895 3999 cingulatus
1943 3900 2178 4002 Epicr.
2219 3930 2288 4002 p.
2325 3908 2479 3990 476,
2534 3903 2623 3976 Ρ.
2671 3903 3035 4003 Beyricleii
3082 3904 3316 4007 Epicr.
3363 3933 3433 4008 p.
3482 3912 3623 3996 49⁴,
3674 3908 3761 3980 P.
3790 3907 4261 4008 psilodermus
4303 3902 4532 3980 Mont.

1485 4017 1609 4096 De
1664 4021 1749 4093 P.
1801 4031 2051 4099 vittato
2094 4033 2164 4096 et
2211 4020 2518 4095 lacerato
2568 4018 2779 4097 Berk.
2826 4023 2943 4098 cfr.
3005 4051 3231 4125 supra.

1491 4158 1574 4234 P.
1630 4158 2024 4258 (Come.)
2077 4178 2393 4243 osseus,
2445 4154 2643 4257 pileo
2687 4156 3433 4236 suberoso-coriaceo
3486 4158 3917 4263 sublignoso
3971 4158 4200 4235 dense
4266 4165 4536 4234 zonato

1488 4283 1943 4363 tomentoso,
2008 4273 2303 4352 demum
2346 4273 2676 4379 glabrato
2733 4302 2778 4353 e
2828 4277 3249 4382 ferrugineo
3311 4278 3769 4355 fuscescente
3785 4337 3804 4368 ,
3857 4285 4209 4354 contextu
4254 4275 4541 4381 ligneo·

1486 4392 1788 4495 pallido,
1842 4394 2045 4495 poris
2098 4392 2505 4469 rotundatis
2555 4395 3057 4498 inaequalibus
3109 4396 3390 4474 obtusis
3442 4394 4267 4501 ligneo-cinnamomeiS.

1589 4534 1720 4611 Ad
1772 4534 1920 4609 San
1965 4533 2154 4608 Joce
2205 4530 2282 4605 in
2332 4528 2555 4603 Costa
2603 4525 2804 4604 Rica.
2919 4515 3186 4603 Orsted.

1591 4683 1680 4755 P.
1735 4680 1999 4755 torrido
2059 4677 2442 4776 proximus,
2494 4672 2621 4748 sed
2691 4674 2922 4750 habitu
2972 4686 3042 4747 et
3095 4684 3414 4747 contextu
3483 4670 3735 4773 pallido
3807 4672 4077 4745 omnino
4166 4668 4538 4743 distinctus.

1488 4796 1756 4900 Utpote
1839 4800 2214 4871 incrustans
2280 4806 2349 4868 et
2421 4820 2574 4867 cum
2635 4793 3041 4892 corporibus
3108 4792 3342 4864 vicinis
3397 4816 3852 4865 concrescens
3931 4789 4141 4863 forma
4202 4786 4538 4861 mutabilis

1493 4930 1618 4993 est.
1716 4915 2166 5017 Dignoscitur
2243 4914 2425 5013 pileo
2507 4914 2687 4985 tenui
2768 4909 3071 5011 quidem,
3117 4907 3243 4983 sed
3297 4908 3466 4983 duro
3522 4922 3591 4984 et
3644 4908 3899 5009 rigido,
3969 4904 4277 5006 utrinque
4328 4904 4534 5006 plano

1489 5036 1694 5111 sulcis
1743 5037 2068 5134 zonisque
2123 5033 2388 5121 densis,
2438 5031 2659 5131 primo
2713 5041 3013 5103 tomento
3095 5027 3311 5102 denso
3365 5026 3568 5102 dilute
3646 5026 4028 5126 ferrugineo
4110 5026 4408 5110 vestitis,
4470 5034 4537 5095 at

1488 5182 1652 5229 mox
1704 5154 2069 5229 secedente
2120 5163 2190 5226 et
2234 5162 2372 5223 tum
2407 5149 2645 5250 pileus
2671 5149 2946 5245 fuscus
2997 5166 3070 5224 et
3116 5158 3512 5244 nigrescens
3564 5145 3823 5233 evadit,
3889 5144 4074 5245 quod
4116 5144 4272 5216 huic
4322 5166 4532 5242 pecu-

1490 5274 1671 5349 liare.
1774 5269 2094 5347 Latitudo
2148 5269 2310 5371 pilei
2372 5276 2413 5342 2
2489 5295 2640 5344 unc.
2692 5279 2763 5342 et
2810 5268 3015 5357 ultra,
3068 5279 3422 5343 contextus
3477 5265 3719 5340 lineam
3778 5264 3958 5338 haud
4027 5290 4330 5350 crassus,
4379 5259 4535 5361 pori
