<?xml version="1.0" encoding="UTF-8"?>
<!DOCTYPE html PUBLIC "-//W3C//DTD XHTML 1.0 Transitional//EN"
    "http://www.w3.org/TR/xhtml1/DTD/xhtml1-transitional.dtd">
<html xmlns="http://www.w3.org/1999/xhtml" xml:lang="en" lang="en">
 <head>
  <title>
</title>
<meta http-equiv="Content-Type" content="text/html;charset=utf-8" />
  <meta name='ocr-system' content='tesseract 3.04.00' />
  <meta name='ocr-capabilities' content='ocr_page ocr_carea ocr_par ocr_line ocrx_word'/>
</head>
<body>
  <div class='ocr_page' id='page_1' title='image "./novaactaregiaes00uppsgoog_0120.png"; bbox 0 0 4984 6517; ppageno 0'>
   <div class='ocr_carea' id='block_1_1' title="bbox 1420 515 2874 814">
    <p class='ocr_par' dir='ltr' id='par_1_1' title="bbox 1420 515 2874 814">
     <span class='ocr_line' id='line_1_1' title="bbox 1420 515 1600 605; baseline -0.017 0"><span class='ocrx_word' id='word_1_1' title='bbox 1420 515 1600 605; x_wconf 71' lang='lat'><strong>104</strong></span> 
     </span>
     <span class='ocr_line' id='line_1_2' title="bbox 1601 732 2874 814; baseline 0.002 -4"><span class='ocrx_word' id='word_1_2' title='bbox 1601 735 1686 810; x_wconf 93' lang='lat' dir='ltr'><strong>In</strong></span> <span class='ocrx_word' id='word_1_3' title='bbox 1736 732 1922 810; x_wconf 91' lang='lat' dir='ltr'><strong>Pulo</strong></span> <span class='ocrx_word' id='word_1_4' title='bbox 1972 732 2169 811; x_wconf 90' lang='lat' dir='ltr'><strong>Milu.</strong></span> <span class='ocrx_word' id='word_1_5' title='bbox 2219 734 2584 812; x_wconf 71' lang='lat' dir='ltr'><strong>Didrichs.</strong></span> <span class='ocrx_word' id='word_1_6' title='bbox 2643 766 2709 810; x_wconf 82' lang='lat' dir='ltr'><strong>n.</strong></span> <span class='ocrx_word' id='word_1_7' title='bbox 2760 745 2874 814; x_wconf 74' lang='lat'><strong>25.</strong></span> 
     </span>
    </p>
   </div>
   <div class='ocr_carea' id='block_1_2' title="bbox 1492 888 4546 1939">
    <p class='ocr_par' dir='ltr' id='par_1_2' title="bbox 1492 888 4546 1939">
     <span class='ocr_line' id='line_1_3' title="bbox 1596 888 4545 995; baseline 0.003 -32"><span class='ocrx_word' id='word_1_8' title='bbox 1596 888 1813 963; x_wconf 86' lang='lat' dir='ltr'>Forte</span> <span class='ocrx_word' id='word_1_9' title='bbox 1869 916 2051 964; x_wconf 87' lang='lat' dir='ltr'><strong>mera</strong></span> <span class='ocrx_word' id='word_1_10' title='bbox 2103 888 2194 962; x_wconf 88' lang='lat' dir='ltr'><strong>F.</strong></span> <span class='ocrx_word' id='word_1_11' title='bbox 2252 890 2711 964; x_wconf 71' lang='lat' dir='ltr'><strong>Brasiliensis</strong></span> <span class='ocrx_word' id='word_1_12' title='bbox 2769 918 2904 964; x_wconf 88' lang='lat' dir='ltr'><strong>var.</strong></span> <span class='ocrx_word' id='word_1_13' title='bbox 2978 892 3187 992; x_wconf 88' lang='lat' dir='ltr'><strong>(hunc</strong></span> <span class='ocrx_word' id='word_1_14' title='bbox 3251 897 3425 969; x_wconf 88' lang='lat' dir='ltr'><strong>enim</strong></span> <span class='ocrx_word' id='word_1_15' title='bbox 3506 897 3867 995; x_wconf 83' lang='lat' dir='ltr'><strong>genuinum</strong></span> <span class='ocrx_word' id='word_1_16' title='bbox 3917 921 3956 969; x_wconf 90' lang='lat' dir='ltr'><strong>e</strong></span> <span class='ocrx_word' id='word_1_17' title='bbox 4013 891 4276 969; x_wconf 85' lang='lat' dir='ltr'><strong>Sikkim</strong></span> <span class='ocrx_word' id='word_1_18' title='bbox 4326 894 4545 972; x_wconf 84' lang='lat' dir='ltr'><strong>Hima-</strong></span> 
     </span>
     <span class='ocr_line' id='line_1_4' title="bbox 1508 1005 4544 1115; baseline 0.004 -36"><span class='ocrx_word' id='word_1_19' title='bbox 1508 1007 1702 1110; x_wconf 88' lang='lat' dir='ltr'><strong>layae</strong></span> <span class='ocrx_word' id='word_1_20' title='bbox 1752 1008 1930 1080; x_wconf 87' lang='lat' dir='ltr'><strong>misit</strong></span> <span class='ocrx_word' id='word_1_21' title='bbox 1982 1005 2275 1110; x_wconf 80' lang='lat' dir='ltr'><strong>Berk),</strong></span> <span class='ocrx_word' id='word_1_22' title='bbox 2325 1011 2553 1108; x_wconf 81' lang='lat' dir='ltr'><strong>stipite</strong></span> <span class='ocrx_word' id='word_1_23' title='bbox 2607 1009 2911 1107; x_wconf 88' lang='lat' dir='ltr'><strong>ejusdem</strong></span> <span class='ocrx_word' id='word_1_24' title='bbox 2968 1038 3159 1086; x_wconf 90' lang='lat' dir='ltr'><strong>more</strong></span> <span class='ocrx_word' id='word_1_25' title='bbox 3211 1013 3506 1114; x_wconf 90' lang='lat' dir='ltr'><strong>undique</strong></span> <span class='ocrx_word' id='word_1_26' title='bbox 3560 1043 3597 1088; x_wconf 91' lang='lat' dir='ltr'><strong>a</strong></span> <span class='ocrx_word' id='word_1_27' title='bbox 3653 1015 3836 1115; x_wconf 90' lang='lat' dir='ltr'><strong>pileo</strong></span> <span class='ocrx_word' id='word_1_28' title='bbox 3889 1018 4298 1114; x_wconf 88' lang='lat' dir='ltr'><strong>marginato,</strong></span> <span class='ocrx_word' id='word_1_29' title='bbox 4380 1031 4544 1093; x_wconf 86' lang='lat' dir='ltr'><strong>cete-</strong></span> 
     </span>
     <span class='ocr_line' id='line_1_5' title="bbox 1503 1123 4546 1232; baseline 0.004 -33"><span class='ocrx_word' id='word_1_30' title='bbox 1503 1154 1648 1199; x_wconf 90' lang='lat' dir='ltr'><strong>rum</strong></span> <span class='ocrx_word' id='word_1_31' title='bbox 1701 1126 1971 1199; x_wconf 89' lang='lat' dir='ltr'><strong>laterali.</strong></span> <span class='ocrx_word' id='word_1_32' title='bbox 2080 1123 2317 1228; x_wconf 79' lang='lat' dir='ltr'><strong>Stipes</strong></span> <span class='ocrx_word' id='word_1_33' title='bbox 2369 1130 2609 1201; x_wconf 89' lang='lat' dir='ltr'><strong>lineam</strong></span> <span class='ocrx_word' id='word_1_34' title='bbox 2663 1130 2776 1203; x_wconf 78' lang='lat' dir='ltr'><strong>vix</strong></span> <span class='ocrx_word' id='word_1_35' title='bbox 2850 1129 3225 1218; x_wconf 86' lang='lat' dir='ltr'><strong>excedens,</strong></span> <span class='ocrx_word' id='word_1_36' title='bbox 3305 1132 3560 1232; x_wconf 83' lang='lat' dir='ltr'><strong>glaber.</strong></span> <span class='ocrx_word' id='word_1_37' title='bbox 3690 1131 3926 1208; x_wconf 84' lang='lat' dir='ltr'><strong>Pileus</strong></span> <span class='ocrx_word' id='word_1_38' title='bbox 4002 1134 4255 1223; x_wconf 87' lang='lat' dir='ltr'><strong>lentus,</strong></span> <span class='ocrx_word' id='word_1_39' title='bbox 4343 1138 4546 1212; x_wconf 81' lang='lat' dir='ltr'><strong>mollis</strong></span> 
     </span>
     <span class='ocr_line' id='line_1_6' title="bbox 1496 1243 4546 1350; baseline 0.005 -33"><span class='ocrx_word' id='word_1_40' title='bbox 1496 1243 1865 1347; x_wconf 81' lang='lat' dir='ltr'><strong>(Polypori</strong></span> <span class='ocrx_word' id='word_1_41' title='bbox 1922 1246 2183 1345; x_wconf 87' lang='lat' dir='ltr'><strong>analogi</strong></span> <span class='ocrx_word' id='word_1_42' title='bbox 2236 1249 2536 1320; x_wconf 78' lang='lat' dir='ltr'><strong>siccitate</strong></span> <span class='ocrx_word' id='word_1_43' title='bbox 2610 1248 2867 1346; x_wconf 87' lang='lat' dir='ltr'><strong>ligneo·</strong></span> <span class='ocrx_word' id='word_1_44' title='bbox 2841 1250 3230 1350; x_wconf 88' lang='lat' dir='ltr'><strong>-rigentes),</strong></span> <span class='ocrx_word' id='word_1_45' title='bbox 3293 1254 3724 1326; x_wconf 83' lang='lat' dir='ltr'><strong>transversim</strong></span> <span class='ocrx_word' id='word_1_46' title='bbox 3788 1251 4127 1339; x_wconf 88' lang='lat' dir='ltr'><strong>dilatatus,</strong></span> <span class='ocrx_word' id='word_1_47' title='bbox 4193 1254 4363 1327; x_wconf 87' lang='lat' dir='ltr'><strong>ultra</strong></span> <span class='ocrx_word' id='word_1_48' title='bbox 4432 1282 4546 1333; x_wconf 85' lang='lat' dir='ltr'><strong>un·</strong></span> 
     </span>
     <span class='ocr_line' id='line_1_7' title="bbox 1494 1365 4545 1473; baseline 0.003 -36"><span class='ocrx_word' id='word_1_49' title='bbox 1494 1366 1666 1437; x_wconf 88' lang='lat' dir='ltr'><strong>ciam</strong></span> <span class='ocrx_word' id='word_1_50' title='bbox 1726 1365 1928 1452; x_wconf 89' lang='lat' dir='ltr'><strong>latus,</strong></span> <span class='ocrx_word' id='word_1_51' title='bbox 1977 1368 2241 1464; x_wconf 85' lang='lat' dir='ltr'><strong>postice</strong></span> <span class='ocrx_word' id='word_1_52' title='bbox 2298 1378 2720 1464; x_wconf 87' lang='lat' dir='ltr'><strong>angustatus,</strong></span> <span class='ocrx_word' id='word_1_53' title='bbox 2773 1367 3131 1454; x_wconf 87' lang='lat' dir='ltr'><strong>alutaceus,</strong></span> <span class='ocrx_word' id='word_1_54' title='bbox 3188 1395 3479 1467; x_wconf 89' lang='lat' dir='ltr'><strong>opacus;</strong></span> <span class='ocrx_word' id='word_1_55' title='bbox 3532 1371 3711 1443; x_wconf 90' lang='lat' dir='ltr'><strong>nullo</strong></span> <span class='ocrx_word' id='word_1_56' title='bbox 3816 1371 4336 1447; x_wconf 88' lang='lat' dir='ltr'><strong>modoradioso-</strong></span> <span class='ocrx_word' id='word_1_57' title='bbox 4305 1376 4545 1473; x_wconf 85' lang='lat' dir='ltr'><strong>-virga-</strong></span> 
     </span>
     <span class='ocr_line' id='line_1_8' title="bbox 1496 1483 4546 1591; baseline 0.004 -37"><span class='ocrx_word' id='word_1_58' title='bbox 1496 1495 1636 1568; x_wconf 90' lang='lat' dir='ltr'><strong>tus,</strong></span> <span class='ocrx_word' id='word_1_59' title='bbox 1689 1494 1761 1556; x_wconf 92' lang='lat' dir='ltr'><strong>ut</strong></span> <span class='ocrx_word' id='word_1_60' title='bbox 1809 1485 1876 1555; x_wconf 90' lang='lat' dir='ltr'><strong>in</strong></span> <span class='ocrx_word' id='word_1_61' title='bbox 1932 1483 2256 1556; x_wconf 90' lang='lat' dir='ltr'><strong>subsimili</strong></span> <span class='ocrx_word' id='word_1_62' title='bbox 2303 1484 2395 1557; x_wconf 85' lang='lat' dir='ltr'><strong>F.</strong></span> <span class='ocrx_word' id='word_1_63' title='bbox 2448 1485 2876 1558; x_wconf 79' lang='lat' dir='ltr'><strong>Moluccensi</strong></span> <span class='ocrx_word' id='word_1_64' title='bbox 2934 1484 3198 1575; x_wconf 77' lang='lat' dir='ltr'><strong>Mont,</strong></span> <span class='ocrx_word' id='word_1_65' title='bbox 3251 1489 3376 1562; x_wconf 90' lang='lat' dir='ltr'><strong>sed</strong></span> <span class='ocrx_word' id='word_1_66' title='bbox 3429 1492 3654 1589; x_wconf 89' lang='lat' dir='ltr'><strong>potius</strong></span> <span class='ocrx_word' id='word_1_67' title='bbox 3718 1501 4102 1565; x_wconf 79' lang='lat' dir='ltr'><strong>transverse</strong></span> <span class='ocrx_word' id='word_1_68' title='bbox 4161 1506 4546 1591; x_wconf 83' lang='lat' dir='ltr'><strong>corrugatus</strong></span> 
     </span>
     <span class='ocr_line' id='line_1_9' title="bbox 1492 1604 4543 1706; baseline 0.003 -31"><span class='ocrx_word' id='word_1_69' title='bbox 1492 1613 1561 1675; x_wconf 92' lang='lat' dir='ltr'><strong>et</strong></span> <span class='ocrx_word' id='word_1_70' title='bbox 1607 1628 1845 1675; x_wconf 89' lang='lat' dir='ltr'><strong>versus</strong></span> <span class='ocrx_word' id='word_1_71' title='bbox 1900 1604 2266 1700; x_wconf 85' lang='lat' dir='ltr'><strong>marginem</strong></span> <span class='ocrx_word' id='word_1_72' title='bbox 2327 1628 2700 1702; x_wconf 79' lang='lat' dir='ltr'><strong>scruposas</strong></span> <span class='ocrx_word' id='word_1_73' title='bbox 2746 1630 2948 1678; x_wconf 89' lang='lat' dir='ltr'><strong>secus</strong></span> <span class='ocrx_word' id='word_1_74' title='bbox 3009 1605 3309 1679; x_wconf 90' lang='lat' dir='ltr'><strong>alveolos</strong></span> <span class='ocrx_word' id='word_1_75' title='bbox 3367 1610 3655 1706; x_wconf 84' lang='lat' dir='ltr'><strong>paginae</strong></span> <span class='ocrx_word' id='word_1_76' title='bbox 3712 1610 4061 1683; x_wconf 83' lang='lat' dir='ltr'><strong>inferioris.</strong></span> <span class='ocrx_word' id='word_1_77' title='bbox 4166 1607 4443 1684; x_wconf 91' lang='lat' dir='ltr'><strong>Alveoli</strong></span> <span class='ocrx_word' id='word_1_78' title='bbox 4486 1614 4543 1685; x_wconf 88' lang='lat' dir='ltr'><strong>in</strong></span> 
     </span>
     <span class='ocr_line' id='line_1_10' title="bbox 1493 1720 4543 1828; baseline 0.003 -35"><span class='ocrx_word' id='word_1_79' title='bbox 1493 1722 1788 1820; x_wconf 88' lang='lat' dir='ltr'><strong>stipitem</strong></span> <span class='ocrx_word' id='word_1_80' title='bbox 1847 1720 2312 1809; x_wconf 79' lang='lat' dir='ltr'><strong>decurrenteS,</strong></span> <span class='ocrx_word' id='word_1_81' title='bbox 2367 1722 2679 1820; x_wconf 82' lang='lat' dir='ltr'><strong>oblongi,</strong></span> <span class='ocrx_word' id='word_1_82' title='bbox 2739 1722 3238 1823; x_wconf 87' lang='lat' dir='ltr'><strong>dissepimentis</strong></span> <span class='ocrx_word' id='word_1_83' title='bbox 3293 1728 3604 1801; x_wconf 87' lang='lat' dir='ltr'><strong>tenuibus</strong></span> <span class='ocrx_word' id='word_1_84' title='bbox 3657 1741 3725 1802; x_wconf 90' lang='lat' dir='ltr'><strong>et</strong></span> <span class='ocrx_word' id='word_1_85' title='bbox 3777 1729 4027 1814; x_wconf 85' lang='lat' dir='ltr'><strong>acutis,</strong></span> <span class='ocrx_word' id='word_1_86' title='bbox 4078 1730 4222 1802; x_wconf 89' lang='lat' dir='ltr'><strong>acie</strong></span> <span class='ocrx_word' id='word_1_87' title='bbox 4270 1729 4543 1828; x_wconf 89' lang='lat' dir='ltr'><strong>glandu-</strong></span> 
     </span>
     <span class='ocr_line' id='line_1_11' title="bbox 1495 1839 2885 1939; baseline 0.004 -29"><span class='ocrx_word' id='word_1_88' title='bbox 1495 1839 1576 1911; x_wconf 91' lang='lat' dir='ltr'><strong>lis</strong></span> <span class='ocrx_word' id='word_1_89' title='bbox 1633 1842 1942 1939; x_wconf 90' lang='lat' dir='ltr'><strong>stipitatis</strong></span> <span class='ocrx_word' id='word_1_90' title='bbox 1997 1840 2165 1912; x_wconf 89' lang='lat' dir='ltr'><strong>albis</strong></span> <span class='ocrx_word' id='word_1_91' title='bbox 2211 1842 2597 1915; x_wconf 90' lang='lat' dir='ltr'><strong>tenuissime</strong></span> <span class='ocrx_word' id='word_1_92' title='bbox 2651 1843 2885 1915; x_wconf 91' lang='lat' dir='ltr'><strong>ciliata.</strong></span> 
     </span>
    </p>
   </div>
   <div class='ocr_carea' id='block_1_3' title="bbox 1295 1995 3476 2228">
    <p class='ocr_par' dir='ltr' id='par_1_3' title="bbox 1295 1995 3476 2228">
     <span class='ocr_line' id='line_1_12' title="bbox 1295 1995 2757 2098; baseline 0.003 -31"><span class='ocrx_word' id='word_1_93' title='bbox 1295 1995 1362 2068; x_wconf 88' lang='lat'><strong>3.</strong></span> <span class='ocrx_word' id='word_1_94' title='bbox 1487 1995 1568 2069; x_wconf 90' lang='lat' dir='ltr'><strong>F.</strong></span> <span class='ocrx_word' id='word_1_95' title='bbox 1620 2019 2055 2073; x_wconf 63' lang='lat' dir='ltr'><strong>amemus,</strong></span> <span class='ocrx_word' id='word_1_96' title='bbox 2161 1996 2403 2098; x_wconf 90' lang='lat' dir='ltr'><strong>Epicr.</strong></span> <span class='ocrx_word' id='word_1_97' title='bbox 2459 2023 2527 2098; x_wconf 89' lang='lat' dir='ltr'><strong>p.</strong></span> <span class='ocrx_word' id='word_1_98' title='bbox 2585 1998 2757 2071; x_wconf 79' lang='lat'><strong>499.</strong></span> 
     </span>
     <span class='ocr_line' id='line_1_13' title="bbox 1586 2127 3476 2228; baseline -0.003 -13"><span class='ocrx_word' id='word_1_99' title='bbox 1586 2139 1715 2215; x_wconf 91' lang='lat' dir='ltr'><strong>Ad</strong></span> <span class='ocrx_word' id='word_1_100' title='bbox 1768 2142 1915 2215; x_wconf 89' lang='lat' dir='ltr'><strong>San</strong></span> <span class='ocrx_word' id='word_1_101' title='bbox 1963 2142 2181 2228; x_wconf 84' lang='lat' dir='ltr'><strong>Joce‚</strong></span> <span class='ocrx_word' id='word_1_102' title='bbox 2243 2142 2463 2216; x_wconf 89' lang='lat' dir='ltr'><strong>Costa</strong></span> <span class='ocrx_word' id='word_1_103' title='bbox 2515 2140 2717 2215; x_wconf 88' lang='lat' dir='ltr'><strong>Rica.</strong></span> <span class='ocrx_word' id='word_1_104' title='bbox 2789 2127 3057 2214; x_wconf 69' lang='lat' dir='ltr'><strong>O’rsted.</strong></span> <span class='ocrx_word' id='word_1_105' title='bbox 3111 2150 3196 2212; x_wconf 84' lang='lat' dir='ltr'><strong>ic.</strong></span> <span class='ocrx_word' id='word_1_106' title='bbox 3246 2167 3312 2210; x_wconf 84' lang='lat' dir='ltr'><strong>n.</strong></span> <span class='ocrx_word' id='word_1_107' title='bbox 3368 2144 3476 2213; x_wconf 70' lang='lat'><strong>54.</strong></span> 
     </span>
    </p>
   </div>
   <div class='ocr_carea' id='block_1_4' title="bbox 1483 2282 4543 2980">
    <p class='ocr_par' dir='ltr' id='par_1_4' title="bbox 1483 2282 4543 2980">
     <span class='ocr_line' id='line_1_14' title="bbox 1588 2282 4541 2388; baseline 0 -28"><span class='ocrx_word' id='word_1_108' title='bbox 1588 2283 1882 2385; x_wconf 89' lang='lat' dir='ltr'><strong>Species</strong></span> <span class='ocrx_word' id='word_1_109' title='bbox 1932 2285 2404 2388; x_wconf 83' lang='lat' dir='ltr'><strong>polymorpha.</strong></span> <span class='ocrx_word' id='word_1_110' title='bbox 2509 2283 2622 2359; x_wconf 85' lang='lat' dir='ltr'><strong>Ex</strong></span> <span class='ocrx_word' id='word_1_111' title='bbox 2666 2288 2863 2361; x_wconf 88' lang='lat' dir='ltr'><strong>icone</strong></span> <span class='ocrx_word' id='word_1_112' title='bbox 2919 2303 3100 2360; x_wconf 79' lang='lat' dir='ltr'><strong>totus</strong></span> <span class='ocrx_word' id='word_1_113' title='bbox 3149 2282 3459 2370; x_wconf 78' lang='lat' dir='ltr'><strong>albidus,</strong></span> <span class='ocrx_word' id='word_1_114' title='bbox 3514 2285 3732 2383; x_wconf 88' lang='lat' dir='ltr'><strong>pileus</strong></span> <span class='ocrx_word' id='word_1_115' title='bbox 3790 2289 4083 2386; x_wconf 88' lang='lat' dir='ltr'><strong>integer,</strong></span> <span class='ocrx_word' id='word_1_116' title='bbox 4139 2285 4265 2360; x_wconf 90' lang='lat' dir='ltr'><strong>sed</strong></span> <span class='ocrx_word' id='word_1_117' title='bbox 4295 2314 4541 2361; x_wconf 86' lang='lat' dir='ltr'><strong>excen-</strong></span> 
     </span>
     <span class='ocr_line' id='line_1_15' title="bbox 1483 2405 4543 2504; baseline 0 -26"><span class='ocrx_word' id='word_1_118' title='bbox 1483 2407 1725 2493; x_wconf 89' lang='lat' dir='ltr'><strong>tricus,</strong></span> <span class='ocrx_word' id='word_1_119' title='bbox 1781 2406 2232 2492; x_wconf 89' lang='lat' dir='ltr'><strong>umbilicatus,</strong></span> <span class='ocrx_word' id='word_1_120' title='bbox 2280 2405 2847 2492; x_wconf 88' lang='lat' dir='ltr'><strong>lacero-lobatus‚</strong></span> <span class='ocrx_word' id='word_1_121' title='bbox 2899 2405 3141 2492; x_wconf 84' lang='lat' dir='ltr'><strong>laevis,</strong></span> <span class='ocrx_word' id='word_1_122' title='bbox 3192 2405 3462 2504; x_wconf 89' lang='lat' dir='ltr'><strong>glaber,</strong></span> <span class='ocrx_word' id='word_1_123' title='bbox 3526 2430 3749 2503; x_wconf 89' lang='lat' dir='ltr'><strong>prope</strong></span> <span class='ocrx_word' id='word_1_124' title='bbox 3798 2407 4164 2503; x_wconf 89' lang='lat' dir='ltr'><strong>marginem</strong></span> <span class='ocrx_word' id='word_1_125' title='bbox 4218 2406 4543 2480; x_wconf 89' lang='lat' dir='ltr'><strong>subtiliter</strong></span> 
     </span>
     <span class='ocr_line' id='line_1_16' title="bbox 1485 2521 4541 2624; baseline 0 -28"><span class='ocrx_word' id='word_1_126' title='bbox 1485 2524 1958 2598; x_wconf 88' lang='lat' dir='ltr'><strong>denticulatum</strong></span> <span class='ocrx_word' id='word_1_127' title='bbox 2011 2524 2504 2623; x_wconf 89' lang='lat' dir='ltr'><strong>squamulosus.</strong></span> <span class='ocrx_word' id='word_1_128' title='bbox 2608 2521 2687 2595; x_wconf 89' lang='lat' dir='ltr'><strong>In</strong></span> <span class='ocrx_word' id='word_1_129' title='bbox 2742 2525 2928 2596; x_wconf 90' lang='lat' dir='ltr'><strong>sicco</strong></span> <span class='ocrx_word' id='word_1_130' title='bbox 2995 2536 3126 2596; x_wconf 87' lang='lat' dir='ltr'><strong>tam</strong></span> <span class='ocrx_word' id='word_1_131' title='bbox 3181 2549 3504 2623; x_wconf 89' lang='lat' dir='ltr'><strong>squamae</strong></span> <span class='ocrx_word' id='word_1_132' title='bbox 3559 2549 3758 2622; x_wconf 90' lang='lat' dir='ltr'><strong>quam</strong></span> <span class='ocrx_word' id='word_1_133' title='bbox 3812 2525 4002 2599; x_wconf 89' lang='lat' dir='ltr'><strong>ciliae</strong></span> <span class='ocrx_word' id='word_1_134' title='bbox 4077 2524 4425 2624; x_wconf 88' lang='lat' dir='ltr'><strong>disparent</strong></span> <span class='ocrx_word' id='word_1_135' title='bbox 4479 2540 4541 2599; x_wconf 88' lang='lat' dir='ltr'><strong>et</strong></span> 
     </span>
     <span class='ocr_line' id='line_1_17' title="bbox 1483 2641 4543 2747; baseline 0 -33"><span class='ocrx_word' id='word_1_136' title='bbox 1483 2642 1675 2715; x_wconf 91' lang='lat' dir='ltr'><strong>color</strong></span> <span class='ocrx_word' id='word_1_137' title='bbox 1726 2642 2473 2730; x_wconf 87' lang='lat' dir='ltr'><strong>ochraceo-lutescens,</strong></span> <span class='ocrx_word' id='word_1_138' title='bbox 2530 2667 2737 2741; x_wconf 89' lang='lat' dir='ltr'><strong>quare</strong></span> <span class='ocrx_word' id='word_1_139' title='bbox 2791 2644 3011 2741; x_wconf 87' lang='lat' dir='ltr'><strong>primo</strong></span> <span class='ocrx_word' id='word_1_140' title='bbox 3069 2642 3307 2714; x_wconf 91' lang='lat' dir='ltr'><strong>obtutu</strong></span> <span class='ocrx_word' id='word_1_141' title='bbox 3372 2669 3499 2741; x_wconf 92' lang='lat' dir='ltr'><strong>pro</strong></span> <span class='ocrx_word' id='word_1_142' title='bbox 3553 2669 3731 2715; x_wconf 88' lang='lat' dir='ltr'><strong>nova</strong></span> <span class='ocrx_word' id='word_1_143' title='bbox 3786 2644 4019 2742; x_wconf 85' lang='lat' dir='ltr'><strong>specie</strong></span> <span class='ocrx_word' id='word_1_144' title='bbox 4070 2641 4213 2746; x_wconf 86' lang='lat' dir='ltr'><strong>(F.</strong></span> <span class='ocrx_word' id='word_1_145' title='bbox 4266 2644 4543 2747; x_wconf 82' lang='lat' dir='ltr'><strong>lacero)</strong></span> 
     </span>
     <span class='ocr_line' id='line_1_18' title="bbox 1487 2760 4539 2862; baseline 0.002 -30"><span class='ocrx_word' id='word_1_146' title='bbox 1487 2760 1728 2848; x_wconf 83' lang='lat' dir='ltr'><strong>habui3</strong></span> <span class='ocrx_word' id='word_1_147' title='bbox 1780 2763 2125 2859; x_wconf 90' lang='lat' dir='ltr'><strong>utriusque</strong></span> <span class='ocrx_word' id='word_1_148' title='bbox 2177 2788 2343 2834; x_wconf 89' lang='lat' dir='ltr'><strong>vero</strong></span> <span class='ocrx_word' id='word_1_149' title='bbox 2397 2762 2878 2860; x_wconf 88' lang='lat' dir='ltr'><strong>speciminibus</strong></span> <span class='ocrx_word' id='word_1_150' title='bbox 2934 2788 3084 2834; x_wconf 88' lang='lat' dir='ltr'><strong>cum</strong></span> <span class='ocrx_word' id='word_1_151' title='bbox 3150 2762 3353 2834; x_wconf 91' lang='lat' dir='ltr'><strong>icone</strong></span> <span class='ocrx_word' id='word_1_152' title='bbox 3443 2763 3849 2861; x_wconf 88' lang='lat' dir='ltr'><strong>comparatis</strong></span> <span class='ocrx_word' id='word_1_153' title='bbox 3928 2762 4140 2836; x_wconf 90' lang='lat' dir='ltr'><strong>nullas</strong></span> <span class='ocrx_word' id='word_1_154' title='bbox 4218 2762 4539 2862; x_wconf 84' lang='lat' dir='ltr'><strong>detegere</strong></span> 
     </span>
     <span class='ocr_line' id='line_1_19' title="bbox 1484 2876 4490 2980; baseline 0.001 -28"><span class='ocrx_word' id='word_1_155' title='bbox 1484 2883 1678 2980; x_wconf 90' lang='lat' dir='ltr'><strong>potui</strong></span> <span class='ocrx_word' id='word_1_156' title='bbox 1730 2878 2152 2954; x_wconf 86' lang='lat' dir='ltr'><strong>differentias.</strong></span> <span class='ocrx_word' id='word_1_157' title='bbox 2269 2879 2521 2952; x_wconf 80' lang='lat' dir='ltr'><strong>Favoli</strong></span> <span class='ocrx_word' id='word_1_158' title='bbox 2573 2880 2894 2952; x_wconf 73' lang='lat' dir='ltr'><strong>tessulati</strong></span> <span class='ocrx_word' id='word_1_159' title='bbox 2946 2876 3169 2951; x_wconf 89' lang='lat' dir='ltr'><strong>Mont.</strong></span> <span class='ocrx_word' id='word_1_160' title='bbox 3223 2878 3589 2978; x_wconf 85' lang='lat' dir='ltr'><strong>descriptio</strong></span> <span class='ocrx_word' id='word_1_161' title='bbox 3646 2879 3863 2952; x_wconf 89' lang='lat' dir='ltr'><strong>saltim</strong></span> <span class='ocrx_word' id='word_1_162' title='bbox 3914 2906 3953 2951; x_wconf 88' lang='lat' dir='ltr'><strong>a</strong></span> <span class='ocrx_word' id='word_1_163' title='bbox 4002 2907 4158 2953; x_wconf 91' lang='lat' dir='ltr'><strong>meo</strong></span> <span class='ocrx_word' id='word_1_164' title='bbox 4212 2882 4490 2955; x_wconf 87' lang='lat' dir='ltr'><strong>recedit.</strong></span> 
     </span>
    </p>
   </div>
   <div class='ocr_carea' id='block_1_5' title="bbox 1274 3056 4536 3398">
    <p class='ocr_par' dir='ltr' id='par_1_5' title="bbox 1274 3056 4536 3398">
     <span class='ocr_line' id='line_1_20' title="bbox 1274 3056 4536 3162; baseline 0.001 -30"><span class='ocrx_word' id='word_1_165' title='bbox 1274 3061 1341 3133; x_wconf 84' lang='grc'><strong>4.</strong></span> <span class='ocrx_word' id='word_1_166' title='bbox 1464 3059 1544 3133; x_wconf 88' lang='lat' dir='ltr'><strong>F.</strong></span> <span class='ocrx_word' id='word_1_167' title='bbox 1597 3083 2047 3148; x_wconf 64' lang='lat' dir='ltr'><strong>vuu‘rnms,</strong></span> <span class='ocrx_word' id='word_1_168' title='bbox 2128 3059 2322 3160; x_wconf 89' lang='lat' dir='ltr'><strong>pileo</strong></span> <span class='ocrx_word' id='word_1_169' title='bbox 2376 3057 3089 3134; x_wconf 85' lang='lat' dir='ltr'><strong>submembranaceo</strong></span> <span class='ocrx_word' id='word_1_170' title='bbox 3144 3056 3629 3133; x_wconf 86' lang='lat' dir='ltr'><strong>flabelliformi</strong></span> <span class='ocrx_word' id='word_1_171' title='bbox 3679 3058 3869 3133; x_wconf 89' lang='lat' dir='ltr'><strong>laevi</strong></span> <span class='ocrx_word' id='word_1_172' title='bbox 3946 3057 4209 3162; x_wconf 87' lang='lat' dir='ltr'><strong>glabro</strong></span> <span class='ocrx_word' id='word_1_173' title='bbox 4264 3059 4536 3161; x_wconf 86' lang='lat' dir='ltr'><strong>(fulvo-</strong></span> 
     </span>
     <span class='ocr_line' id='line_1_21' title="bbox 1476 3174 4535 3281; baseline 0.001 -30"><span class='ocrx_word' id='word_1_174' title='bbox 1476 3177 1964 3280; x_wconf 82' lang='lat' dir='ltr'><strong>ferrugine‘o),</strong></span> <span class='ocrx_word' id='word_1_175' title='bbox 2020 3178 2348 3281; x_wconf 84' lang='lat' dir='ltr'><strong>margine</strong></span> <span class='ocrx_word' id='word_1_176' title='bbox 2406 3177 2644 3252; x_wconf 89' lang='lat' dir='ltr'><strong>ciliato</strong></span> <span class='ocrx_word' id='word_1_177' title='bbox 2664 3238 2681 3265; x_wconf 92' lang='lat'><strong>,</strong></span> <span class='ocrx_word' id='word_1_178' title='bbox 2736 3177 2975 3278; x_wconf 89' lang='lat' dir='ltr'><strong>stipite</strong></span> <span class='ocrx_word' id='word_1_179' title='bbox 3046 3176 3321 3251; x_wconf 85' lang='lat' dir='ltr'><strong>laterali</strong></span> <span class='ocrx_word' id='word_1_180' title='bbox 3387 3175 3826 3251; x_wconf 89' lang='lat' dir='ltr'><strong>brevissimo</strong></span> <span class='ocrx_word' id='word_1_181' title='bbox 3892 3174 4535 3279; x_wconf 88' lang='lat' dir='ltr'><strong>hirto-pubescen-</strong></span> 
     </span>
     <span class='ocr_line' id='line_1_22' title="bbox 1469 3293 3826 3398; baseline 0 -28"><span class='ocrx_word' id='word_1_182' title='bbox 1469 3303 1574 3383; x_wconf 90' lang='lat' dir='ltr'><strong>te,</strong></span> <span class='ocrx_word' id='word_1_183' title='bbox 1632 3295 1934 3371; x_wconf 84' lang='lat' dir='ltr'><strong>alveolis</strong></span> <span class='ocrx_word' id='word_1_184' title='bbox 1992 3295 2550 3372; x_wconf 87' lang='lat' dir='ltr'><strong>decurrentibus</strong></span> <span class='ocrx_word' id='word_1_185' title='bbox 2605 3296 2961 3398; x_wconf 85' lang='lat' dir='ltr'><strong>elongatis</strong></span> <span class='ocrx_word' id='word_1_186' title='bbox 3016 3293 3469 3369; x_wconf 85' lang='lat' dir='ltr'><strong>denticulatis</strong></span> <span class='ocrx_word' id='word_1_187' title='bbox 3520 3293 3826 3393; x_wconf 83' lang='lat' dir='ltr'><strong>pallidis.</strong></span> 
     </span>
    </p>
   </div>
   <div class='ocr_carea' id='block_1_6' title="bbox 1580 3430 4113 3547">
    <p class='ocr_par' dir='ltr' id='par_1_6' title="bbox 1580 3430 4113 3547">
     <span class='ocr_line' id='line_1_23' title="bbox 1580 3430 4113 3547; baseline -0.001 -29"><span class='ocrx_word' id='word_1_188' title='bbox 1580 3445 1765 3519; x_wconf 89' lang='lat' dir='ltr'><strong>Cum</strong></span> <span class='ocrx_word' id='word_1_189' title='bbox 1799 3446 2291 3547; x_wconf 87' lang='lat' dir='ltr'><strong>praecedente</strong></span> <span class='ocrx_word' id='word_1_190' title='bbox 2350 3445 2446 3521; x_wconf 87' lang='lat' dir='ltr'><strong>ad</strong></span> <span class='ocrx_word' id='word_1_191' title='bbox 2505 3447 2576 3520; x_wconf 91' lang='lat' dir='ltr'><strong>S.</strong></span> <span class='ocrx_word' id='word_1_192' title='bbox 2635 3446 2853 3531; x_wconf 87' lang='lat' dir='ltr'><strong>Joce,</strong></span> <span class='ocrx_word' id='word_1_193' title='bbox 2912 3442 3137 3516; x_wconf 89' lang='lat' dir='ltr'><strong>Costa</strong></span> <span class='ocrx_word' id='word_1_194' title='bbox 3177 3441 3377 3515; x_wconf 89' lang='lat' dir='ltr'><strong>Rica.</strong></span> <span class='ocrx_word' id='word_1_195' title='bbox 3442 3430 3704 3517; x_wconf 68' lang='lat' dir='ltr'><strong>O&#39;rsted</strong></span> <span class='ocrx_word' id='word_1_196' title='bbox 3746 3455 3829 3516; x_wconf 82' lang='lat' dir='ltr'><strong>ic.</strong></span> <span class='ocrx_word' id='word_1_197' title='bbox 3881 3472 3947 3515; x_wconf 86' lang='lat' dir='ltr'><strong>n.</strong></span> <span class='ocrx_word' id='word_1_198' title='bbox 4000 3448 4113 3518; x_wconf 79' lang='lat'><strong>55.</strong></span> 
     </span>
    </p>
   </div>
   <div class='ocr_carea' id='block_1_7' title="bbox 1447 3581 4530 4871">
    <p class='ocr_par' dir='ltr' id='par_1_7' title="bbox 1447 3581 4530 4871">
     <span class='ocr_line' id='line_1_24' title="bbox 1571 3581 4530 3688; baseline 0 -30"><span class='ocrx_word' id='word_1_199' title='bbox 1571 3581 1865 3685; x_wconf 88' lang='lat' dir='ltr'><strong>Species</strong></span> <span class='ocrx_word' id='word_1_200' title='bbox 1915 3613 2243 3687; x_wconf 89' lang='lat' dir='ltr'><strong>perquam</strong></span> <span class='ocrx_word' id='word_1_201' title='bbox 2295 3588 2573 3674; x_wconf 89' lang='lat' dir='ltr'><strong>nobilis,</strong></span> <span class='ocrx_word' id='word_1_202' title='bbox 2637 3588 2847 3688; x_wconf 87' lang='lat' dir='ltr'><strong>priori</strong></span> <span class='ocrx_word' id='word_1_203' title='bbox 2895 3585 3144 3669; x_wconf 89' lang='lat' dir='ltr'><strong>minor,</strong></span> <span class='ocrx_word' id='word_1_204' title='bbox 3227 3585 3575 3660; x_wconf 84' lang='lat' dir='ltr'><strong>manifeste</strong></span> <span class='ocrx_word' id='word_1_205' title='bbox 3646 3587 3955 3684; x_wconf 86' lang='lat' dir='ltr'><strong>stipitata.</strong></span> <span class='ocrx_word' id='word_1_206' title='bbox 4056 3583 4294 3684; x_wconf 88' lang='lat' dir='ltr'><strong>Stipes</strong></span> <span class='ocrx_word' id='word_1_207' title='bbox 4346 3585 4530 3685; x_wconf 91' lang='lat' dir='ltr'><strong>pileo</strong></span> 
     </span>
     <span class='ocr_line' id='line_1_25' title="bbox 1470 3701 4530 3806; baseline 0.001 -31"><span class='ocrx_word' id='word_1_208' title='bbox 1470 3705 1830 3792; x_wconf 92' lang='lat' dir='ltr'><strong>concolor,</strong></span> <span class='ocrx_word' id='word_1_209' title='bbox 1886 3710 1918 3805; x_wconf 57' lang='grc' dir='ltr'>ξ</span> <span class='ocrx_word' id='word_1_210' title='bbox 1970 3734 2120 3779; x_wconf 87' lang='lat' dir='ltr'><strong>unc.</strong></span> <span class='ocrx_word' id='word_1_211' title='bbox 2173 3706 2211 3779; x_wconf 92' lang='lat' dir='ltr'><strong>l.</strong></span> <span class='ocrx_word' id='word_1_212' title='bbox 2264 3733 2502 3806; x_wconf 88' lang='lat' dir='ltr'><strong>parum</strong></span> <span class='ocrx_word' id='word_1_213' title='bbox 2556 3706 2722 3778; x_wconf 90' lang='lat' dir='ltr'><strong>ultra</strong></span> <span class='ocrx_word' id='word_1_214' title='bbox 2770 3703 3047 3801; x_wconf 88' lang='lat' dir='ltr'><strong>longus,</strong></span> <span class='ocrx_word' id='word_1_215' title='bbox 3095 3701 3415 3775; x_wconf 88' lang='lat' dir='ltr'><strong>deorsum</strong></span> <span class='ocrx_word' id='word_1_216' title='bbox 3466 3717 3876 3792; x_wconf 87' lang='lat' dir='ltr'><strong>attenuatus,</strong></span> <span class='ocrx_word' id='word_1_217' title='bbox 3926 3718 4311 3779; x_wconf 88' lang='lat' dir='ltr'><strong>transverse</strong></span> <span class='ocrx_word' id='word_1_218' title='bbox 4339 3733 4530 3779; x_wconf 88' lang='lat' dir='ltr'><strong>com-</strong></span> 
     </span>
     <span class='ocr_line' id='line_1_26' title="bbox 1467 3821 4527 3925; baseline 0.001 -31"><span class='ocrx_word' id='word_1_219' title='bbox 1467 3849 1779 3921; x_wconf 89' lang='lat' dir='ltr'><strong>pressus,</strong></span> <span class='ocrx_word' id='word_1_220' title='bbox 1828 3825 2496 3925; x_wconf 88' lang='lat' dir='ltr'><strong>hirtulo-pubescens</strong></span> <span class='ocrx_word' id='word_1_221' title='bbox 2549 3836 2618 3896; x_wconf 90' lang='lat' dir='ltr'><strong>et</strong></span> <span class='ocrx_word' id='word_1_222' title='bbox 2668 3825 2907 3896; x_wconf 90' lang='lat' dir='ltr'><strong>subtus</strong></span> <span class='ocrx_word' id='word_1_223' title='bbox 2965 3847 3050 3893; x_wconf 86' lang='lat' dir='ltr'><strong>ex</strong></span> <span class='ocrx_word' id='word_1_224' title='bbox 3099 3821 3376 3895; x_wconf 84' lang='lat' dir='ltr'><strong>alveolis</strong></span> <span class='ocrx_word' id='word_1_225' title='bbox 3431 3823 3940 3898; x_wconf 86' lang='lat' dir='ltr'><strong>decurrentibus</strong></span> <span class='ocrx_word' id='word_1_226' title='bbox 4017 3850 4227 3923; x_wconf 91' lang='lat' dir='ltr'><strong>saepe</strong></span> <span class='ocrx_word' id='word_1_227' title='bbox 4282 3827 4527 3897; x_wconf 85' lang='lat' dir='ltr'><strong>reticu-</strong></span> 
     </span>
     <span class='ocr_line' id='line_1_27' title="bbox 1466 3939 4525 4044; baseline 0 -31"><span class='ocrx_word' id='word_1_228' title='bbox 1466 3942 1668 4027; x_wconf 78' lang='lat' dir='ltr'><strong>latus3</strong></span> <span class='ocrx_word' id='word_1_229' title='bbox 1721 3944 1915 4042; x_wconf 90' lang='lat' dir='ltr'><strong>apice</strong></span> <span class='ocrx_word' id='word_1_230' title='bbox 1966 3947 2032 4016; x_wconf 92' lang='lat' dir='ltr'><strong>in</strong></span> <span class='ocrx_word' id='word_1_231' title='bbox 2083 3944 2332 4044; x_wconf 90' lang='lat' dir='ltr'><strong>pileum</strong></span> <span class='ocrx_word' id='word_1_232' title='bbox 2399 3942 2847 4042; x_wconf 88' lang='lat' dir='ltr'><strong>spathulatum</strong></span> <span class='ocrx_word' id='word_1_233' title='bbox 2898 3952 3011 4011; x_wconf 92' lang='lat' dir='ltr'><strong>aut</strong></span> <span class='ocrx_word' id='word_1_234' title='bbox 3063 3939 3271 4037; x_wconf 84' lang='lat' dir='ltr'><strong>vulgo</strong></span> <span class='ocrx_word' id='word_1_235' title='bbox 3329 3942 3603 4040; x_wconf 89' lang='lat' dir='ltr'><strong>oblique</strong></span> <span class='ocrx_word' id='word_1_236' title='bbox 3656 3942 4081 4016; x_wconf 87' lang='lat' dir='ltr'><strong>renisormem</strong></span> <span class='ocrx_word' id='word_1_237' title='bbox 4136 3942 4174 4013; x_wconf 88' lang='lat' dir='ltr'><strong>l.</strong></span> <span class='ocrx_word' id='word_1_238' title='bbox 4227 3942 4525 4016; x_wconf 86' lang='lat' dir='ltr'><strong>flabella-</strong></span> 
     </span>
     <span class='ocr_line' id='line_1_28' title="bbox 1465 4057 4523 4161; baseline 0 -27"><span class='ocrx_word' id='word_1_239' title='bbox 1465 4087 1644 4149; x_wconf 87' lang='lat' dir='ltr'><strong>rem,</strong></span> <span class='ocrx_word' id='word_1_240' title='bbox 1699 4076 1933 4136; x_wconf 83' lang='lat' dir='ltr'><strong>exacte</strong></span> <span class='ocrx_word' id='word_1_241' title='bbox 1984 4063 2357 4150; x_wconf 89' lang='lat' dir='ltr'><strong>lateralem,</strong></span> <span class='ocrx_word' id='word_1_242' title='bbox 2412 4061 2738 4133; x_wconf 87' lang='lat' dir='ltr'><strong>dilatatus.</strong></span> <span class='ocrx_word' id='word_1_243' title='bbox 2841 4057 3076 4131; x_wconf 90' lang='lat' dir='ltr'><strong>Pileus</strong></span> <span class='ocrx_word' id='word_1_244' title='bbox 3131 4060 3385 4144; x_wconf 90' lang='lat' dir='ltr'><strong>tenuis,</strong></span> <span class='ocrx_word' id='word_1_245' title='bbox 3432 4060 3498 4131; x_wconf 88' lang='lat' dir='ltr'><strong>in</strong></span> <span class='ocrx_word' id='word_1_246' title='bbox 3550 4060 3722 4133; x_wconf 90' lang='lat' dir='ltr'><strong>linea</strong></span> <span class='ocrx_word' id='word_1_247' title='bbox 3774 4072 3959 4133; x_wconf 89' lang='lat' dir='ltr'><strong>recta</strong></span> <span class='ocrx_word' id='word_1_248' title='bbox 4011 4088 4049 4132; x_wconf 87' lang='lat' dir='ltr'><strong>a</strong></span> <span class='ocrx_word' id='word_1_249' title='bbox 4103 4063 4327 4159; x_wconf 88' lang='lat' dir='ltr'><strong>stipite</strong></span> <span class='ocrx_word' id='word_1_250' title='bbox 4359 4089 4523 4161; x_wconf 90' lang='lat' dir='ltr'><strong>por-</strong></span> 
     </span>
     <span class='ocr_line' id='line_1_29' title="bbox 1461 4176 4520 4276; baseline 0.001 -25"><span class='ocrx_word' id='word_1_251' title='bbox 1461 4192 1721 4267; x_wconf 86' lang='lat' dir='ltr'><strong>rectus,</strong></span> <span class='ocrx_word' id='word_1_252' title='bbox 1773 4207 2013 4255; x_wconf 88' lang='lat' dir='ltr'><strong>recens</strong></span> <span class='ocrx_word' id='word_1_253' title='bbox 2053 4182 2631 4266; x_wconf 88' lang='lat' dir='ltr'><strong>carnoso-lentus,</strong></span> <span class='ocrx_word' id='word_1_254' title='bbox 2681 4181 2903 4252; x_wconf 90' lang='lat' dir='ltr'><strong>siccus</strong></span> <span class='ocrx_word' id='word_1_255' title='bbox 2948 4177 3230 4276; x_wconf 78' lang='lat' dir='ltr'><strong>fragiIiS,</strong></span> <span class='ocrx_word' id='word_1_256' title='bbox 3289 4178 3482 4249; x_wconf 77' lang='lat'><strong>1-2</strong></span> <span class='ocrx_word' id='word_1_257' title='bbox 3541 4207 3687 4252; x_wconf 91' lang='lat' dir='ltr'><strong>unc.</strong></span> <span class='ocrx_word' id='word_1_258' title='bbox 3740 4176 3911 4250; x_wconf 89' lang='lat' dir='ltr'><strong>latus</strong></span> <span class='ocrx_word' id='word_1_259' title='bbox 3976 4183 4075 4276; x_wconf 89' lang='lat' dir='ltr'><strong>(at</strong></span> <span class='ocrx_word' id='word_1_260' title='bbox 4128 4207 4280 4251; x_wconf 85' lang='lat' dir='ltr'><strong>cum</strong></span> <span class='ocrx_word' id='word_1_261' title='bbox 4357 4184 4520 4253; x_wconf 87' lang='lat' dir='ltr'><strong>vici-</strong></span> 
     </span>
     <span class='ocr_line' id='line_1_30' title="bbox 1461 4295 4521 4396; baseline 0 -27"><span class='ocrx_word' id='word_1_262' title='bbox 1461 4299 1564 4370; x_wconf 91' lang='lat' dir='ltr'><strong>nis</strong></span> <span class='ocrx_word' id='word_1_263' title='bbox 1620 4325 2071 4372; x_wconf 89' lang='lat' dir='ltr'><strong>concrescens</strong></span> <span class='ocrx_word' id='word_1_264' title='bbox 2126 4298 2345 4371; x_wconf 89' lang='lat' dir='ltr'><strong>adhuc</strong></span> <span class='ocrx_word' id='word_1_265' title='bbox 2396 4300 2620 4396; x_wconf 90' lang='lat' dir='ltr'><strong>latior)</strong></span> <span class='ocrx_word' id='word_1_266' title='bbox 2672 4299 2914 4383; x_wconf 78' lang='lat' dir='ltr'><strong>laeviS,</strong></span> <span class='ocrx_word' id='word_1_267' title='bbox 2963 4297 3233 4395; x_wconf 89' lang='lat' dir='ltr'><strong>glaber,</strong></span> <span class='ocrx_word' id='word_1_268' title='bbox 3291 4295 3415 4367; x_wconf 92' lang='lat' dir='ltr'><strong>sed</strong></span> <span class='ocrx_word' id='word_1_269' title='bbox 3483 4298 3658 4368; x_wconf 86' lang='lat' dir='ltr'><strong>circa</strong></span> <span class='ocrx_word' id='word_1_270' title='bbox 3732 4298 4098 4395; x_wconf 85' lang='lat' dir='ltr'><strong>marginem</strong></span> <span class='ocrx_word' id='word_1_271' title='bbox 4173 4300 4521 4370; x_wconf 83' lang='lat' dir='ltr'><strong>incurvum</strong></span> 
     </span>
     <span class='ocr_line' id='line_1_31' title="bbox 1467 4413 4519 4516; baseline 0 -27"><span class='ocrx_word' id='word_1_272' title='bbox 1467 4419 1782 4516; x_wconf 81' lang='lat' dir='ltr'><strong>virgatas.</strong></span> <span class='ocrx_word' id='word_1_273' title='bbox 1885 4416 1996 4491; x_wconf 81' lang='lat' dir='ltr'><strong>Ex</strong></span> <span class='ocrx_word' id='word_1_274' title='bbox 2046 4420 2244 4491; x_wconf 89' lang='lat' dir='ltr'><strong>icone</strong></span> <span class='ocrx_word' id='word_1_275' title='bbox 2292 4416 2472 4516; x_wconf 80' lang='lat' dir='ltr'><strong>fungi</strong></span> <span class='ocrx_word' id='word_1_276' title='bbox 2521 4418 2654 4489; x_wconf 87' lang='lat' dir='ltr'><strong>vivi</strong></span> <span class='ocrx_word' id='word_1_277' title='bbox 2705 4427 2894 4515; x_wconf 91' lang='lat' dir='ltr'><strong>patet</strong></span> <span class='ocrx_word' id='word_1_278' title='bbox 2945 4415 3245 4487; x_wconf 89' lang='lat' dir='ltr'><strong>colorem</strong></span> <span class='ocrx_word' id='word_1_279' title='bbox 3307 4416 3373 4485; x_wconf 90' lang='lat' dir='ltr'><strong>in</strong></span> <span class='ocrx_word' id='word_1_280' title='bbox 3419 4413 3625 4513; x_wconf 84' lang='lat' dir='ltr'><strong>fungo</strong></span> <span class='ocrx_word' id='word_1_281' title='bbox 3695 4418 3950 4489; x_wconf 86' lang='lat' dir='ltr'><strong>recenti</strong></span> <span class='ocrx_word' id='word_1_282' title='bbox 4001 4441 4156 4488; x_wconf 87' lang='lat' dir='ltr'><strong>esse</strong></span> <span class='ocrx_word' id='word_1_283' title='bbox 4209 4415 4519 4515; x_wconf 86' lang='lat' dir='ltr'><strong>pallidio-</strong></span> 
     </span>
     <span class='ocr_line' id='line_1_32' title="bbox 1460 4532 4517 4636; baseline 0.001 -29"><span class='ocrx_word' id='word_1_284' title='bbox 1460 4561 1603 4608; x_wconf 91' lang='lat' dir='ltr'><strong>rem</strong></span> <span class='ocrx_word' id='word_1_285' title='bbox 1658 4548 1727 4609; x_wconf 93' lang='lat' dir='ltr'><strong>et</strong></span> <span class='ocrx_word' id='word_1_286' title='bbox 1774 4535 2045 4610; x_wconf 89' lang='lat' dir='ltr'><strong>fibrillas</strong></span> <span class='ocrx_word' id='word_1_287' title='bbox 2109 4537 2507 4636; x_wconf 88' lang='lat' dir='ltr'><strong>marginales</strong></span> <span class='ocrx_word' id='word_1_288' title='bbox 2588 4537 2843 4607; x_wconf 90' lang='lat' dir='ltr'><strong>innatas</strong></span> <span class='ocrx_word' id='word_1_289' title='bbox 2917 4534 2983 4605; x_wconf 88' lang='lat' dir='ltr'><strong>in</strong></span> <span class='ocrx_word' id='word_1_290' title='bbox 3063 4533 3246 4605; x_wconf 90' lang='lat' dir='ltr'><strong>cilias</strong></span> <span class='ocrx_word' id='word_1_291' title='bbox 3314 4557 3468 4604; x_wconf 92' lang='lat' dir='ltr'><strong>esse</strong></span> <span class='ocrx_word' id='word_1_292' title='bbox 3524 4546 3897 4631; x_wconf 87' lang='lat' dir='ltr'><strong>porrectas.</strong></span> <span class='ocrx_word' id='word_1_293' title='bbox 4002 4532 4276 4607; x_wconf 90' lang='lat' dir='ltr'><strong>Alveoli</strong></span> <span class='ocrx_word' id='word_1_294' title='bbox 4327 4536 4517 4625; x_wconf 79' lang='lat' dir='ltr'><strong>elon-</strong></span> 
     </span>
     <span class='ocr_line' id='line_1_33' title="bbox 1447 4649 4513 4754; baseline 0 -28"><span class='ocrx_word' id='word_1_295' title='bbox 1447 4657 1621 4754; x_wconf 87' lang='lat' dir='ltr'><strong>gati,</strong></span> <span class='ocrx_word' id='word_1_296' title='bbox 1674 4656 1785 4726; x_wconf 83' lang='lat' dir='ltr'><strong>vix</strong></span> <span class='ocrx_word' id='word_1_297' title='bbox 1842 4655 2194 4752; x_wconf 81' lang='lat' dir='ltr'><strong>angulatil,</strong></span> <span class='ocrx_word' id='word_1_298' title='bbox 2276 4655 2514 4727; x_wconf 90' lang='lat' dir='ltr'><strong>subtus</strong></span> <span class='ocrx_word' id='word_1_299' title='bbox 2578 4654 2944 4751; x_wconf 90' lang='lat' dir='ltr'><strong>praecipue</strong></span> <span class='ocrx_word' id='word_1_300' title='bbox 3024 4649 3496 4735; x_wconf 83' lang='lat' dir='ltr'><strong>decurrentes,</strong></span> <span class='ocrx_word' id='word_1_301' title='bbox 3571 4652 3635 4722; x_wconf 90' lang='lat' dir='ltr'><strong>in</strong></span> <span class='ocrx_word' id='word_1_302' title='bbox 3709 4653 3865 4724; x_wconf 88' lang='lat' dir='ltr'><strong>vivo</strong></span> <span class='ocrx_word' id='word_1_303' title='bbox 3921 4651 4153 4737; x_wconf 87' lang='lat' dir='ltr'><strong>albidi,</strong></span> <span class='ocrx_word' id='word_1_304' title='bbox 4203 4656 4267 4725; x_wconf 92' lang='lat' dir='ltr'><strong>in</strong></span> <span class='ocrx_word' id='word_1_305' title='bbox 4318 4656 4513 4751; x_wconf 73' lang='lat' dir='ltr'><strong>¹sicco</strong></span> 
     </span>
     <span class='ocr_line' id='line_1_34' title="bbox 1458 4768 4514 4871; baseline 0 -26"><span class='ocrx_word' id='word_1_306' title='bbox 1458 4772 1821 4859; x_wconf 84' lang='lat' dir='ltr'><strong>fulventes‚</strong></span> <span class='ocrx_word' id='word_1_307' title='bbox 1902 4773 2398 4871; x_wconf 89' lang='lat' dir='ltr'><strong>dissepimentis</strong></span> <span class='ocrx_word' id='word_1_308' title='bbox 2479 4772 2824 4854; x_wconf 86' lang='lat' dir='ltr'><strong>tenuibus,</strong></span> <span class='ocrx_word' id='word_1_309' title='bbox 2898 4770 3041 4842; x_wconf 88' lang='lat' dir='ltr'><strong>acie</strong></span> <span class='ocrx_word' id='word_1_310' title='bbox 3117 4768 3244 4841; x_wconf 89' lang='lat' dir='ltr'><strong>sub</strong></span> <span class='ocrx_word' id='word_1_311' title='bbox 3320 4768 3497 4842; x_wconf 89' lang='lat' dir='ltr'><strong>lente</strong></span> <span class='ocrx_word' id='word_1_312' title='bbox 3580 4770 3977 4843; x_wconf 89' lang='lat' dir='ltr'><strong>denticulata</strong></span> <span class='ocrx_word' id='word_1_313' title='bbox 4030 4782 4098 4843; x_wconf 90' lang='lat' dir='ltr'><strong>et</strong></span> <span class='ocrx_word' id='word_1_314' title='bbox 4171 4774 4235 4844; x_wconf 88' lang='lat' dir='ltr'><strong>in</strong></span> <span class='ocrx_word' id='word_1_315' title='bbox 4316 4775 4514 4846; x_wconf 86' lang='lat' dir='ltr'><strong>siccis</strong></span> 
     </span>
    </p>
   </div>
   <div class='ocr_carea' id='block_1_8' title="bbox 1359 4891 4510 5370">
    <p class='ocr_par' dir='ltr' id='par_1_8' title="bbox 1359 4891 4510 5370">
     <span class='ocr_line' id='line_1_35' title="bbox 1461 4891 1704 4965; baseline 0.004 -3"><span class='ocrx_word' id='word_1_316' title='bbox 1461 4891 1704 4965; x_wconf 87' lang='lat' dir='ltr'><strong>lacera.</strong></span> 
     </span>
     <span class='ocr_line' id='line_1_36' title="bbox 1557 5027 4510 5130; baseline -0.001 -24"><span class='ocrx_word' id='word_1_317' title='bbox 1557 5030 1805 5106; x_wconf 84' lang='lat' dir='ltr'><strong>Restat</strong></span> <span class='ocrx_word' id='word_1_318' title='bbox 1853 5032 2072 5105; x_wconf 92' lang='lat' dir='ltr'><strong>adhuc</strong></span> <span class='ocrx_word' id='word_1_319' title='bbox 2124 5059 2249 5105; x_wconf 89' lang='lat' dir='ltr'><strong>una</strong></span> <span class='ocrx_word' id='word_1_320' title='bbox 2304 5032 2511 5104; x_wconf 89' lang='lat' dir='ltr'><strong>altera</strong></span> <span class='ocrx_word' id='word_1_321' title='bbox 2570 5030 2840 5130; x_wconf 90' lang='lat' dir='ltr'><strong>species</strong></span> <span class='ocrx_word' id='word_1_322' title='bbox 2892 5027 3090 5127; x_wconf 90' lang='lat' dir='ltr'><strong>hujus</strong></span> <span class='ocrx_word' id='word_1_323' title='bbox 3142 5028 3444 5125; x_wconf 89' lang='lat' dir='ltr'><strong>generis,</strong></span> <span class='ocrx_word' id='word_1_324' title='bbox 3525 5039 3591 5099; x_wconf 86' lang='lat' dir='ltr'><strong>at</strong></span> <span class='ocrx_word' id='word_1_325' title='bbox 3665 5057 3816 5103; x_wconf 89' lang='lat' dir='ltr'><strong>cum</strong></span> <span class='ocrx_word' id='word_1_326' title='bbox 3889 5033 4043 5104; x_wconf 91' lang='lat' dir='ltr'><strong>icon</strong></span> <span class='ocrx_word' id='word_1_327' title='bbox 4122 5033 4254 5103; x_wconf 81' lang='lat' dir='ltr'><strong>vivi</strong></span> <span class='ocrx_word' id='word_1_328' title='bbox 4328 5031 4510 5129; x_wconf 83' lang='lat' dir='ltr'><strong>fungi</strong></span> 
     </span>
     <span class='ocr_line' id='line_1_37' title="bbox 1359 5146 4504 5248; baseline -0.001 -23"><span class='ocrx_word' id='word_1_329' title='bbox 1359 5218 1368 5225; x_wconf 81' lang='grc'><strong><em>,</em></strong></span> <span class='ocrx_word' id='word_1_330' title='bbox 1455 5151 1873 5227; x_wconf 84' lang='lat' dir='ltr'><strong>desideratur</strong></span> <span class='ocrx_word' id='word_1_331' title='bbox 1921 5178 2050 5225; x_wconf 89' lang='lat' dir='ltr'><strong>nec</strong></span> <span class='ocrx_word' id='word_1_332' title='bbox 2102 5177 2140 5222; x_wconf 90' lang='lat' dir='ltr'><strong>a</strong></span> <span class='ocrx_word' id='word_1_333' title='bbox 2190 5154 2323 5247; x_wconf 90' lang='lat' dir='ltr'><strong>jam</strong></span> <span class='ocrx_word' id='word_1_334' title='bbox 2385 5148 2745 5248; x_wconf 90' lang='lat' dir='ltr'><strong>descriptis</strong></span> <span class='ocrx_word' id='word_1_335' title='bbox 2821 5159 2959 5220; x_wconf 88' lang='lat' dir='ltr'><strong>tute</strong></span> <span class='ocrx_word' id='word_1_336' title='bbox 3010 5147 3168 5220; x_wconf 89' lang='lat' dir='ltr'><strong>licet</strong></span> <span class='ocrx_word' id='word_1_337' title='bbox 3230 5146 3661 5244; x_wconf 84' lang='lat' dir='ltr'><strong>distinguere,</strong></span> <span class='ocrx_word' id='word_1_338' title='bbox 3717 5148 4067 5222; x_wconf 86' lang='lat' dir='ltr'><strong>candidius</strong></span> <span class='ocrx_word' id='word_1_339' title='bbox 4141 5165 4245 5224; x_wconf 87' lang='lat' dir='ltr'><strong>est</strong></span> <span class='ocrx_word' id='word_1_340' title='bbox 4300 5177 4504 5248; x_wconf 82' lang='lat' dir='ltr'><strong>sepo-</strong></span> 
     </span>
     <span class='ocr_line' id='line_1_38' title="bbox 1452 5268 3592 5370; baseline -0.002 -27"><span class='ocrx_word' id='word_1_341' title='bbox 1452 5299 1650 5359; x_wconf 91' lang='lat' dir='ltr'><strong>nere,</strong></span> <span class='ocrx_word' id='word_1_342' title='bbox 1705 5296 1905 5370; x_wconf 87' lang='lat' dir='ltr'><strong>quam</strong></span> <span class='ocrx_word' id='word_1_343' title='bbox 1959 5272 2153 5343; x_wconf 87' lang='lat' dir='ltr'><strong>novis</strong></span> <span class='ocrx_word' id='word_1_344' title='bbox 2201 5270 2565 5369; x_wconf 87' lang='lat' dir='ltr'><strong>speciebus</strong></span> <span class='ocrx_word' id='word_1_345' title='bbox 2618 5268 2965 5340; x_wconf 89' lang='lat' dir='ltr'><strong>dubiarum</strong></span> <span class='ocrx_word' id='word_1_346' title='bbox 3019 5275 3267 5338; x_wconf 88' lang='lat' dir='ltr'><strong>struem</strong></span> <span class='ocrx_word' id='word_1_347' title='bbox 3325 5292 3592 5363; x_wconf 83' lang='lat' dir='ltr'><strong>augere.</strong></span> 
     </span>
    </p>
   </div>
   <div class='ocr_carea' id='block_1_9' title="bbox 4887 1873 4893 2546">
    <p class='ocr_par' dir='ltr' id='par_1_9' title="bbox 4887 1873 4893 2546">
     <span class='ocr_line' id='line_1_39' title="bbox 4887 1873 4893 2546; baseline 0 0"><span class='ocrx_word' id='word_1_348' title='bbox 4887 1873 4893 2546; x_wconf 95' lang='lat' dir='ltr'><strong> </strong></span> 
     </span>
    </p>
   </div>
   <div class='ocr_carea' id='block_1_10' title="bbox 4882 3239 4899 5675">
    <p class='ocr_par' dir='ltr' id='par_1_10' title="bbox 4882 3239 4899 5675">
     <span class='ocr_line' id='line_1_40' title="bbox 4882 3239 4899 5675; baseline 0 0"><span class='ocrx_word' id='word_1_349' title='bbox 4882 3239 4899 5675; x_wconf 95' lang='lat' dir='ltr'><strong> </strong></span> 
     </span>
    </p>
   </div>
  </div>
 </body>
</html>
