4984 6517
439 1100 541 1173 11.

440 2351 536 2425 12.

444 3845 543 3919 13.

459 5234 557 5308 u.

620 832 1149 912 bristo-lacerus.
1248 827 1529 906 Alveoli
1575 832 1817 932 magni,
1866 829 2066 907 valde
2111 830 2425 931 elongati,
2461 831 2529 906 in
2581 833 2768 905 sicco
2820 830 3000 922 fulvi,
3048 828 3177 908 sed
3229 829 3478 931 fungus
3525 854 3647 905 ve·-

614 967 810 1056 getus
857 950 1123 1027 videtur
1170 948 1452 1024 albidus.

610 1096 1140 1170 Tmnnou
1189 1095 1703 1193 (rumonus)
1753 1110 2428 1175 numu-omns,
2454 1086 2652 1190 pileo
2681 1087 3053 1165 dimidiato
3076 1088 3643 1167 membranaceo

611 1209 1092 1289 flabelliformi
1138 1208 1327 1285 laevi
1379 1206 1734 1284 sublititer
1799 1205 2493 1290 fibrilloeoeradiato,
2568 1206 2897 1311 margine
2948 1208 3332 1297 fimbriato,
3407 1205 3645 1307 stipite

612 1329 928 1406 verticali
968 1326 1387 1432 gracillimo,
1440 1324 1791 1428 hymenio
1842 1325 2031 1403 laevi
2076 1324 2465 1403 substriato
2524 1322 3004 1402 suscescente.

704 1468 835 1546 Ad
883 1477 1184 1546 truncos
1232 1466 1566 1570 putridos
1615 1492 1661 1543 e
1713 1466 2022 1544 Guinea.
2073 1470 2265 1542 Mus.
2317 1468 2558 1567 qun.

709 1615 844 1692 Est
894 1643 934 1693 e
985 1618 1469 1719 pulcherrimis,
1516 1615 1726 1690 affinis
1773 1614 1906 1690 Th.
1959 1619 2395 1707 aurantiacae,
2458 1620 2787 1718 gregaria,
2860 1614 3193 1690 interdum
3244 1611 3642 1714 caespitosa.

619 1733 1012 1811 Substantia
1061 1735 1425 1811 admodum
1475 1738 1711 1824 tenuis,
1762 1737 2293 1824 membranacea,
2342 1734 2644 1822 flaccida,
2696 1736 2821 1812 sed
2871 1747 3071 1810 tenax
3122 1745 3193 1809 et
3240 1734 3447 1819 lenta3
3492 1758 3642 1806 ver·

613 1882 730 1930 sus
782 1857 1151 1955 marginem
1202 1866 1424 1928 tamen
1473 1852 1665 1927 facile
1723 1855 1790 1926 in
1837 1853 2110 1928 fibrillas
2155 1852 2389 1928 rasilis.
2498 1851 2714 1929 Color
2763 1856 2964 1928 totius
3015 1853 3219 1926 dilute
3269 1849 3648 1951 spadiceus.

614 1972 849 2075 Stipes
898 1974 1034 2047 2-4
1059 1974 1166 2047 lin.
1213 1972 1477 2073 longus,
1521 1972 1808 2071 gracilis,
1860 1973 1929 2045 in
1974 1974 2171 2046 siccis
2222 1971 2575 2061 velutinus,
2622 1999 2886 2048 sursum
2938 1972 3242 2045 dilatatus
3285 1972 3352 2043 in
3400 1968 3649 2069 pileum

615 2104 849 2167 exacte
901 2092 1259 2179 lateralem,
1308 2090 1856 2177 flabellisormem,
1914 2093 1970 2190 ξ’
2001 2116 2154 2164 unc.
2211 2101 2281 2166 et
2332 2091 2504 2165 ultra
2553 2092 2774 2179 latum,
2822 2090 3004 2165 haud
3053 2088 3399 2163 manifeste
3444 2086 3652 2161 libril-

613 2213 850 2299 losum,
908 2209 1035 2285 sed
1085 2222 1334 2284 tantum
1387 2210 1717 2284 subtiliter
1756 2208 2434 2284 fibrilloso-striatum.

612 2349 1036 2426 Tamna
1085 2370 1438 2435 mura,
1490 2347 1828 2431 maxima,
1889 2348 2316 2450 caespitem,
2395 2347 2588 2425 lobis
2671 2348 2975 2452 turgidis
3042 2346 3303 2423 inflatis
3370 2345 3649 2423 obtusis

615 2465 982 2554 contuitis,
1051 2465 1316 2566 pallide
1359 2465 1708 2543 brunneis
1758 2466 1905 2566 (”in
1953 2466 2121 2542 vivo
2162 2467 2756 2572 lutescentibus'’)
2804 2466 3086 2570 postice
3109 2466 3186 2542 in
3212 2491 3482 2567 corpus
3512 2490 3647 2541 so·-

613 2583 840 2662 lidum
892 2583 1554 2673 concrescentibus»,
1597 2584 1836 2685 sporis
1882 2584 2226 2687 ellipticis.

707 2730 836 2808 Ad
889 2731 1084 2835 ligna
1125 2731 1414 2833 putrida
1463 2730 1559 2807 ad
1609 2730 1940 2807 Mirador
1985 2728 2193 2832 regni
2243 2726 2630 2804 Mexicani.
2680 2724 3086 2802 Liebmann.

729 2872 1017 2975 Fungus
1070 2874 1416 2964 mirabilis,
1460 2876 1732 2976 reliquis
1800 2877 2116 2974 (excepta
2170 2873 2393 2947 forsan
2450 2871 2538 2945 T.
2600 2870 2954 2972 frondosa)
3019 2872 3251 2968 major,
3299 2865 3425 2942 sed
3476 2867 3652 2941 lobis

616 2995 862 3068 crassis
912 2994 1174 3069 obtusis
1222 2996 1399 3068 intus
1441 2993 1747 3068 inanibus
1799 2994 2223 3092 maximeque
2281 2993 2743 3067 intestinorum
2794 3014 2986 3064 more
3037 2986 3654 3088 contorto-gyrosis

622 3112 921 3211 insignis.
1027 3110 1386 3213 Caespites
1445 3112 1491 3185 4
1542 3137 1696 3185 unc.
1742 3110 1855 3184 lati
1901 3122 1972 3186 et
2017 3111 2183 3185 ultra
2199 3167 2218 3198 ,
2263 3112 2332 3184 in
2381 3111 2575 3185 basin
2627 3109 3008 3209 contiguam
3059 3104 3450 3206 amorpham
3489 3130 3656 3178 con·

613 3231 767 3303 nati.
876 3227 1253 3306 Contextus
1307 3230 1634 3305 subtiliter
1678 3229 2037 3304 fibrillosus
2087 3230 2398 3304 immixtis
2450 3227 2750 3303 conidiis.
2867 3222 3141 3327 Sporae
3200 3221 3480 3298 conidiis
3534 3221 3658 3295 du-

617 3349 734 3448 plo
782 3350 1094 3446 majores,
1147 3351 1495 3450 ellipticae.
1551 3391 1647 3405 —
1699 3345 1778 3421 In
1827 3349 2012 3422 sicco
2054 3348 2285 3449 glabra
2343 3347 2613 3422 videtur
2635 3346 2843 3422 fuisse
2868 3356 2946 3419 ut
2972 3344 3288 3443 reliquae,
3323 3338 3450 3417 sed
3476 3341 3658 3414 sicca

622 3466 910 3542 velutina
958 3479 1269 3567 apparet3
1322 3466 1447 3542 sed
1522 3466 1652 3541 sub
1699 3468 2154 3567 microscopio
2195 3495 2332 3541 non
2375 3467 2595 3568 pilosa
2636 3478 2760 3554 est,
2811 3461 2938 3538 sed
2966 3461 3660 3545 dentato-verrucosa,

621 3578 917 3660 verrucis
941 3612 981 3660 e
1010 3585 1311 3686 pluribus
1364 3585 1549 3659 libris
1600 3586 1876 3682 junctis,
1930 3588 2115 3674 ortis,
2164 3597 2237 3658 ut
2290 3585 2574 3674 videtur,
2615 3610 2656 3659 e
2709 3582 2996 3658 cuticula
3051 3582 3181 3657 sub
3210 3579 3659 3654 exsiccatione

623 3715 982 3778 contracta.

619 3844 896 3919 Pam
949 3844 1521 3941 (coemunt)
1570 3865 2003 3927 nummus,
2079 3866 2401 3930 ceracea,
2456 3840 2748 3930 sessilis,
2822 3833 3655 3944 oblongo-subrotunda.

625 3960 884 4062 applan
893 3968 1025 4048 ata,
1078 3957 1335 4034 subtus
1379 3957 1794 4036 radiculosa
1835 3961 2545 4046 venoso-reticulata,
2615 3959 2943 4065 margine
3020 3958 3255 4036 libero
3330 3955 3656 4041 incurvo,

626 4079 830 4154 disco
888 4077 1075 4153 laevi
1127 4076 1710 4180 alutaceo-gilvo‚
1758 4077 1958 4154 sicco
2002 4079 2190 4156 laete
2240 4080 2520 4157 citrino,

724 4219 964 4321 Supra
1006 4218 1180 4294 folia
1225 4218 1386 4295 Pini
1431 4218 1507 4294 in
1557 4218 1898 4294 silvarum
1952 4217 2444 4319 penetralibus
2500 4217 2693 4294 circa
2746 4216 3128 4319 Upsaliam.

732 4367 851 4445 Ob
913 4398 1113 4447 ascos
1186 4385 1254 4446 et
1329 4400 1571 4474 sporas
1633 4371 1717 4447 P.
1783 4374 2129 4475 leporinae
2194 4377 2443 4451 similes
2516 4379 2690 4451 inter
2768 4375 3170 4450 Cochleatas
3244 4369 3658 4458 collocanda,

629 4492 930 4588 quamvis
978 4493 1234 4589 integra
1278 4518 1408 4566 nec
1457 4491 2184 4593 auriculam-producta
2238 4494 2278 4567 l.
2334 4507 2660 4569 contorta.
2770 4491 3039 4594 Cnpula
3091 4493 3354 4565 unciam
3389 4502 3458 4565 et
3492 4491 3664 4565 ultra

593 4608 786 4695 data,
868 4609 1264 4710 plerumque
1335 4611 1663 4710 oblonga,
1738 4622 1878 4684 tota
1937 4613 2167 4712 plana,
2220 4625 2512 4714 excepto
2577 4616 2876 4713 margine
2942 4613 3204 4687 elevato
3254 4623 3323 4687 et
3363 4612 3663 4682 incurvo.

634 4723 888 4801 Colore
945 4727 1423 4829 hygropbano,
1499 4731 1561 4803 in
1622 4731 1791 4803 vivis
1866 4755 2088 4829 opaco
2166 4731 2440 4806 sordide
2519 4732 2853 4807 ochraceo
2908 4733 2949 4806 l.
3002 4730 3522 4832 gilvoalntaceo,
3596 4728 3663 4800 in

630 4847 827 4920 siccis
872 4846 1080 4920 nitido
1134 4847 1304 4921 laete
1367 4847 2038 4947 sulphureo-citrino,
2091 4861 2161 4922 et
2207 4851 2452 4949 pagina
2514 4850 2807 4925 inferiori
2860 4848 3134 4926 Merulii
3187 4851 3393 4924 instar
3456 4849 3665 4920 mani-

630 4963 798 5039 feste
848 4977 918 5039 et
968 4965 1179 5039 dense
1222 4967 1859 5039 venoso-reticulata
1907 4967 2102 5041 valde
2151 4969 2443 5066 insignis.
2547 4966 2748 5044 Hanc
2798 4983 2866 5046 et
2914 4982 3277 5070 sequentes
3304 4969 3395 5042 ob
3420 4992 3665 5042 nexum

631 5108 781 5155 cum
831 5080 1099 5158 Pezizis
1150 5111 1355 5185 snpra
1401 5083 1776 5184 descriptas
1828 5083 1965 5157 hoc
2015 5086 2171 5161 loco
2219 5089 2463 5161 insero.

630 5237 903 5313 Paua
956 5238 1462 5342 (Coronam)
1511 5263 1918 5321 caucum,
1980 5266 2304 5332 ceracea,
2357 5242 3200 5347 turbinato-pyriformis,
3245 5244 3321 5319 in
3350 5242 3660 5343 stipitem

629 5353 1135 5433 brevissimum
1195 5357 1922 5460 albo-pubescentem
1971 5369 2355 5461 protracta,
2403 5363 2767 5452 carneola,
2812 5364 3065 5463 junior
3110 5360 3665 5440 carinato-clau-
