4984 6517
394 1231 491 1305 12.

404 1904 483 1978 13.

403 2954 492 3026 14.

122 3724 136 3849 jn·
127 3582 128 3589 ⁴
129 3430 142 3501 -ΙῺ
129 3388 136 3399 ·“
133 3320 134 3332 ⁴
132 3282 140 3293 ¹
131 3190 140 3213 —
135 3156 144 3169 .

3353 505 3513 592 111

581 742 821 807 exacte
873 725 1295 827 respondens
1349 727 1637 814 formae,
1699 725 1826 799 Th.
1874 735 2167 798 sinuant
2213 752 2254 797 a
2300 723 2680 799 Persoonio
2732 722 2980 811 dictae,
3059 748 3234 824 quae
3304 721 3610 797 absolute

577 863 685 924 est
726 860 938 925 status
990 846 1295 920 exoletus
1374 858 1443 920 et
1493 846 1837 944 expallens
1890 844 1998 919 St.
2025 844 2458 941 frustulosi,
2540 857 2616 916 ut
2665 845 2972 916 inventor
3029 843 3363 938 Mougeot
3430 840 3606 914 clare

569 968 1054 1044 demonstravit
1102 978 1171 1039 et
1221 968 1616 1066 saepissime
1666 967 1734 1038 in
1807 975 2039 1037 natura
2110 964 2575 1037 confirmatum
2642 960 2812 1049 vidi,
2868 960 3192 1061 quidquid
3243 960 3329 1034 ad
3379 961 3601 1061 speci-

572 1091 750 1161 mina
803 1089 983 1161 sicca
1032 1083 1383 1181 judicetur.

573 1232 645 1306 S.
699 1230 983 1330 (Apus)
1041 1248 1608 1304 ALno-BADIUM.
1713 1221 1952 1324 Epicr.
2003 1246 2071 1321 p.
2134 1219 2304 1295 551.

674 1373 753 1445 In
803 1369 1139 1457 Mexico,
1198 1367 1532 1447 Orizaba.
1597 1366 1949 1441 Liebman.

674 1521 839 1594 Non
893 1533 1339 1594 commutetur
1390 1548 1542 1594 cum
1596 1521 1700 1594 St.
1731 1521 2138 1618 fuliginoso
2189 1517 2325 1618 Ep.
2376 1546 2444 1618 p.
2502 1518 2704 1607 553„
2779 1517 2965 1617 quod
3028 1516 3157 1589 late
3211 1513 3490 1587 effusum
3545 1523 3610 1586 et

571 1642 1188 1728 indeterminatum,
1252 1640 1568 1741 hymenio
1651 1642 1951 1714 setuloso
2033 1639 2401 1737 coloreque
2489 1640 2785 1713 obscuro
2866 1636 3221 1710 diversum.
3351 1631 3610 1705 Eximia

567 1761 770 1858 hujus
823 1760 1189 1859 specimina
1239 1787 1277 1831 a
1326 1759 1691 1856 Berkeleyo
1758 1758 2107 1833 Curtisio!
2158 1771 2285 1833 etc.
2338 1761 2561 1831 missa.

567 1905 648 1979 S.
713 1903 997 2003 (Apus)
1047 1924 1430 1988 (massula,
1480 1900 2005 2000 resupinatum,
2062 1901 2402 1986 effusum,
2450 1899 2844 1984 secedens»,
2911 1895 3359 1979 coriaceum,
3438 1888 3610 1964 sub-

567 2029 687 2095 tus
734 2020 1071 2095 villosum
1117 2020 1571 2121 nigrescen3‚
1625 2018 1896 2093 ambitu
1949 2017 2426 2094 determinato
2480 2017 2746 2092 obtuso
2812 2011 3201 2116 pallidiori,
3252 2009 3602 2111 hymenio

566 2138 1047 2241 subglabrato
1101 2136 1710 2212 umbrino-fusco.

680 2289 807 2360 Th.
859 2317 1121 2361 crassa.
1171 2284 1463 2360 Leveill.
1526 2286 1720 2385 Voy.
1776 2286 1959 2360 Bon.
2018 2311 2085 2386 p.
2148 2287 2310 2359 190.
2371 2292 2554 2359 teste
2602 2284 3005 2385 Berkeley!

669 2425 752 2498 In
799 2424 1095 2498 Mexico
1150 2423 1244 2498 ad
1295 2423 1643 2512 Mil-ador,
1701 2425 2005 2526 copiose
2059 2432 2131 2499 et
2186 2427 2624 2526 speciosum.
2681 2425 3037 2500 Liebman.

671 2572 897 2647 Affine
953 2574 1060 2647 St.
1112 2570 1405 2645 abietino
1477 2585 1546 2645 et
1618 2576 2051 2672 centrffugo,
2131 2577 2261 2650 late
2344 2603 2749 2675 expansum,
2828 2574 3034 2647 latere
3096 2572 3299 2645 sterili
3357 2568 3606 2640 matrici

565 2705 752 2767 arcte
801 2694 1186 2792 applanato,
1231 2704 1298 2763 at
1342 2719 1477 2764 non
1530 2693 1807 2777 adnato;
1862 2697 2154 2766 occurrit
2200 2698 2395 2768 etiam
2445 2696 2742 2793 margine
2795 2694 3067 2768 reflexo.
3198 2688 3605 2791 Hymenium

563 2815 634 2884 in
683 2811 909 2883 adulto
969 2811 1363 2909 glabr-atum.
2289 2810 2298 2814 ’

568 2953 644 3026 S.
701 2952 1235 3051 (Rusupmn.)
1288 2972 1782 3035 s'rnumosmu,
1835 2950 2346 3051 resupinatum,
2378 2950 2659 3037 durum,
2713 2950 3074 3035 adnatum‚
3130 2943 3600 3029 ochraceum,

566 3069 801 3170 primo
865 3069 1459 3144 tuberculiformc
1520 3067 2124 3169 immarginatum,
2202 3069 2373 3144 dein
2443 3068 2808 3143 dilatatum
2860 3067 3236 3140 confluens
3286 3062 3601 3137 indeter-

566 3187 946 3273 minatum,
998 3186 1347 3286 hymenio
1401 3185 1586 3261 laevi
1637 3185 2162 3285 pulverulento,

669 3331 797 3405 Ad
851 3331 1161 3406 cortices
1211 3330 1559 3406 arborum
1609 3331 1684 3405 in
1740 3330 2060 3406 Mexico.
2121 3330 2475 3406 Liebman.

673 3473 852 3548 Cum
916 3478 1020 3550 St.
1049 3474 1466 3573 frustuloso
1518 3478 1712 3549 unice
1768 3476 2328 3575 comparandum,
2405 3504 2558 3549 cum
2632 3501 2767 3575 quo
2835 3472 3181 3573 morphosi
3259 3472 3605 3557 convenit,

569 3593 689 3667 sed
748 3595 912 3666 illud
963 3597 1265 3694 primitus
1355 3595 2420 3696 cinnamomeo-pulverulentum‚
2493 3593 2631 3666 hoc
2680 3591 3460 3692 luteo-pulverulentum,
3532 3600 3608 3660 ut

570 3713 861 3786 chartam
916 3715 1147 3786 colore
1198 3713 1379 3785 luteo
1429 3714 1755 3811 inquinet3
1806 3741 1954 3800 nec,
2006 3727 2080 3785 ut
2128 3716 2315 3812 prius
2368 3713 2687 3800 adultius,
2734 3711 3056 3784 hactenus
3108 3707 3245 3782 vidi
3296 3707 3593 3782 denuda-

566 3844 718 3903 tum.
824 3829 1216 3904 Substantia
1267 3830 1480 3915 arida,
1537 3831 1732 3918 dura,
1783 3832 2203 3930 sublignosa.
2257 3844 2324 3903 at
2386 3830 2643 3929 singula
2693 3830 2923 3904 areola
2973 3840 3221 3901 tantum
3279 3825 3470 3898 1-3
3497 3825 3602 3897 lin.

569 3946 887 4023 Ambitus
938 3951 1005 4021 in
1076 3962 1314 4023 neutro
1369 3961 1573 4036 statu,
1642 3950 1923 4047 simplici
1990 3963 2057 4024 et
2123 3950 2533 4036 confluente,
2579 3952 3018 4048 marginatus,
3070 3949 3194 4021 sed
3273 3942 3600 4019 interdum

573 4067 1173 4168 byssino-radians.

1354 4183 1578 4286 Subg.
1627 4206 1794 4257 nov.
1866 4181 2619 4261 Mxmcnonnnmum.

669 4326 907 4401 Pileus
957 4324 1448 4414 tenuissimuS,
1514 4327 2606 4427 papyraceo-membranaceus,
2656 4328 2923 4416 molliS,
2975 4326 3349 4414 flaccidus‚
3407 4334 3600 4402 totus

568 4473 613 4519 c
663 4445 984 4545 priorum
1035 4450 1255 4518 strato
1297 4443 1734 4520 intermedio
1791 4446 1998 4547 quasi
2046 4445 2411 4522 formatus,
2520 4450 2812 4549 Typus:
2882 4449 3195 4522 Stereum
3243 4446 3431 4520 vitile
3478 4444 3595 4518 Fr.

585 4563 814 4666 Fung.
865 4561 1020 4636 Nat.
1072 4587 1139 4661 p.
1191 4562 1308 4636 23.

575 4705 650 4779 S.
708 4702 1244 4806 (MALAcnon.)
1299 4729 1838 4782 'rnnmssmum
1885 4706 2140 4781 Berk.!

673 4848 753 4922 ln
798 4847 1097 4922 Mexico
1156 4847 1443 4924 videtur
1524 4848 1923 4923 admodum
1993 4847 2338 4950 frequens
2397 4855 2469 4923 et
2531 4848 2943 4949 copiosum,
3000 4873 3043 4923 e
3093 4848 3276 4923 locis
3345 4872 3595 4951 quam-

567 4963 888 5064 plurimis
939 4966 1147 5041 adest
1192 4967 1267 5041 in
1320 4966 1752 5043 collectione
1798 4966 2211 5042 Liebmanni
2251 4994 2315 5043 v.
2374 4994 2433 5042 c.
2491 4965 2851 5055 Mirador,
2910 4967 3212 5042 Christla
3262 4976 3395 5043 etc.

667 5107 946 5211 Duplex
998 5112 1191 5185 adest
1238 5111 1481 5200 forma,
1535 5114 1739 5187 altera
1790 5115 2208 5212 ferruginea,
2267 5113 2473 5187 altera
2527 5116 2820 5189 obscure
2870 5117 3174 5190 umbrina
3225 5114 3427 5208 (illam
3476 5139 3598 5187 ve—

565 5239 825 5325 getam,
875 5230 1051 5304 hanc
1104 5230 1431 5305 exoletam
1481 5232 1726 5331 fingo),
1793 5244 2077 5331 utraque
2153 5259 2355 5332 supra
2423 5234 2723 5332 impolita
2796 5234 2921 5309 sed
2979 5234 3245 5333 glabra,
3304 5259 3586 5307 concen-
