4984 6517
3406 527 3573 615 125

636 748 786 851 pite
861 747 1063 823 tenui
1131 746 1340 824 brevi
1415 746 1673 853 glabro
1747 743 2049 834 nitente,
2141 742 2557 846 peritbeciis
2630 743 2992 821 immersis
3071 741 3403 848 globosis
3484 744 3678 846 peri-

685 867 967 944 hericis.

632 893 683 970 p
729 1005 815 1079 In
868 1001 1122 1078 insulis
1171 1000 1649 1077 NikobariciS.
1704 1000 2066 1078 Didrichs.
2115 1028 2182 1073 n.
2237 1009 2350 1075 22.

730 1151 1183 1227 Praecedenti
1235 1150 1476 1238 affinis,
1531 1150 1657 1224 sed
1709 1148 1938 1225 habitu
1977 1160 2060 1222 'et
2106 1149 2319 1223 forma
2350 1177 2766 1251 magnopere
2813 1150 3164 1226 recedens.
3269 1147 3507 1251 Stipes
3546 1176 3675 1251 pro

628 1273 885 1345 ratione
960 1269 1326 1343 admodum
1398 1271 1625 1344 brevis
1675 1281 1744 1343 et
1820 1269 2036 1342 tenuis
2106 1269 2337 1367 (2—3
2388 1270 2494 1341 lin.
2552 1269 2831 1368 longus,
2896 1273 3009 1344 vix
3066 1271 3113 1342 2
3181 1271 3289 1343 lin.
3343 1273 3677 1367 crassus),

636 1391 1010 1479 torulosus‚
1061 1389 1360 1489 undique
1411 1402 1634 1463 crusta
1680 1390 1994 1462 vernicea
2045 1397 2293 1474 tectus,
2341 1389 2699 1487 contiguus
2754 1413 2908 1460 cum
2961 1387 3150 1460 clava
3182 1391 3463 1461 maxima
3514 1413 3678 1460 ova-

633 1508 712 1595 li,
771 1510 998 1607 1÷-2
1051 1535 1201 1582 unc.
1250 1510 1486 1607 longa,
1531 1506 1793 1579 unciam
1848 1518 1918 1580 et
1965 1505 2136 1580 ultra
2191 1533 2453 1596 crassa,
2533 1508 2598 1579 in
2665 1533 2895 1607 specc.
2943 1531 3171 1606 praec.
3225 1507 3499 1605 oblique
3556 1505 3678 1578 de·

628 1627 806 1701 flexa
854 1628 1416 1702 subhorizontalis
1471 1638 1540 1700 et
1592 1628 1784 1726 quasi
1862 1625 2162 1726 collapsa
2236 1628 2307 1725 (i.
2368 1652 2425 1700 e.
2482 1652 2879 1727 compressa
2955 1637 3025 1699 et
3099 1637 3388 1723 utroque
3472 1624 3677 1698 latere

630 1752 981 1846 concava).
1086 1745 1479 1820 Substantia
1530 1748 1597 1820 iu
1651 1746 1849 1819 siccis
1904 1744 2287 1834 durissima,
2340 1745 2480 1819 fere
2533 1744 2828 1844 lapidea,
2875 1745 3053 1817 intus
3109 1742 3385 1817 sordide
3438 1742 3678 1831 albida,

629 1866 699 1938 in
749 1865 1133 1966 peripheria
1182 1864 1773 1967 peritbeciophora
1827 1891 1993 1938 vero
2045 1865 2252 1962 nigra.
2356 1861 2776 1963 Superficies
2827 1862 3036 1936 laevis
3088 1874 3223 1949 est,
3280 1861 3511 1935 colore
3550 1887 3677 1962 pe-

629 1983 860 2057 culiari
910 1984 1479 2083 gilvo·isabellino
1510 1986 1709 2057 tincta
1727 2040 1746 2072 ‚
1794 1984 2308 2083 nigropunctata
2353 1992 2423 2055 et
2479 2008 2521 2056 e
2570 1982 2855 2081 gelatina
2908 1981 3284 2082 profluente
3336 2006 3464 2081 per
3509 1981 3675 2054 latas

627 2103 868 2202 plagas
919 2105 1472 2203 nigrovariegata.
1573 2102 1955 2178 Perithecia
2006 2102 2330 2200 globosa,
2384 2112 2527 2173 tota
2578 2103 2890 2173 immersa
2942 2102 3204 2201 absque
3265 2100 3442 2173 collo
3464 2157 3483 2187 ,
3534 2111 3674 2173 atra

631 2263 729 2278 —
789 2225 858 2295 in
909 2250 1012 2323 sp.
1059 2249 1281 2321 praes.
1328 2235 1683 2309 evacuata,
1737 2222 1912 2295 ascis
1964 2220 2309 2294 resorbtis.
2423 2220 2694 2320 Sporae
2745 2220 3021 2320 prioris,
3099 2217 3227 2292 sed
3303 2221 3675 2321 conspicue

631 2343 963 2428 minores,
1038 2366 1170 2413 nec
1226 2352 1547 2441 septatae.
1603 2382 1699 2396 —
1748 2339 2064 2438 Xylaria
2104 2339 2498 2434 Kegeliana
2553 2366 2606 2412 s.
2659 2335 3001 2439 Sphaeria'
3045 2333 3325 2413 Leveill.
3374 2339 3441 2409 in
3492 2335 3671 2411 Anu.

625 2454 752 2532 Sc.
805 2457 967 2533 Nat.
1026 2460 1241 2532 1846.
1295 2456 1347 2531 Ι.
1392 2486 1461 2559 p.
1513 2457 1666 2533 256
1717 2456 1981 2531 videtur
2031 2455 2261 2531 affinis.

435 2657 493 2731 3.
617 2656 717 2733 X.
766 2658 1060 2735 Porrm.
1167 2656 1538 2758 Sphaeria.
1592 2652 1889 2730 Leveill.
1949 2653 1996 2729 l.
2052 2678 2114 2728 c.
2175 2650 2389 2727 1845.
2443 2650 2498 2727 1.
2549 2676 2617 2752 p.
2684 2652 2797 2725 10.

728 2795 852 2873 Ex
901 2795 1037 2873 inS.
1094 2797 1167 2873 S.
1227 2796 1501 2873 CruciS.
1556 2799 1863 2873 Benzon.

729 2936 907 3012 Tam
965 2940 1162 3029 loco,
1214 2965 1417 3039 quam
1494 2940 1950 3040 descriptione
2022 2937 2411 3038 adaequatis
2464 2933 2554 3010 de
2617 2960 2999 3038 synonymo
3072 2959 3209 3008 non
3261 2931 3673 3020 dubitamus,

623 3056 753 3131 sed
801 3070 1034 3132 nostra
1085 3058 1296 3159 duplo
1348 3057 1494 3133 fere
1543 3061 1779 3131 minor.

432 3213 492 3285 4.
620 3212 716 3287 Χ.
772 3212 1587 3316 (Xuoez.)1›no·ma,
1669 3220 2014 3290 stromate
2088 3208 2826 3287 suberoso-indurato
2911 3207 3318 3283 lanceolato
3403 3204 3671 3281 obtuso

623 3331 924 3434 corrugi
993 3330 1196 3406 nudo
1270 3341 1466 3420 atro,
1519 3332 1708 3406 intus
1761 3330 1966 3417 albo,
2043 3329 2279 3431 stipite
2332 3329 2536 3404 tenui
2583 3325 2870 3430 aequali
2920 3326 3207 3430 glabro,
3260 3322 3673 3426 peritheciis

619 3447 956 3553 globosis
1020 3448 1522 3525 subimmersis
1597 3447 2107 3551 periphericiS,
2188 3447 2467 3524 ostiolis
2535 3444 2967 3549 prominulis
3051 3441 3673 3546 depresso-hemi-

623 3565 1045 3668 sphaericiS.
1903 3580 1910 3589 '

724 3713 853 3789 Ad
896 3721 1197 3788 truncos
1248 3712 1324 3789 in
1383 3714 1606 3788 Costa
1654 3711 1852 3786 Rica.
1970 3697 2237 3811 O'rstegl.

726 3859 823 3932 X.
868 3860 1285 3958 comg‘formi
1332 3858 1441 3933 El.
1495 3861 1562 3934 2.
1619 3888 1687 3961 p.
1737 3860 1856 3937 57.
1902 3859 2161 3947 similis,
2216 3857 2342 3934 sed
2391 3854 2565 3931 haec
2612 3856 2705 3929 ob
2764 3855 3056 3955 stipitem
3117 3852 3498 3927 obsoletum
3554 3851 3673 3922 ba-

619 3980 870 4077 sinque
922 3978 1225 4051 villosam
1277 3978 1363 4050 ad
1396 3981 1672 4078 stirpem
1711 3977 1805 4052 X.
1839 3978 2150 4077 digitatae
2206 3977 2549 4052 referatur.
2651 3971 2887 4072 Stipes
2938 3971 3170 4069 hujus,
3221 3983 3294 4043 ut
3339 3972 3673 4071 priorum,

623 4098 877 4183 tenuis,
930 4097 1406 4196 glaberrimus,
1458 4097 1786 4185 laccatus‚
1835 4097 2117 4196 fragilis,
2199 4108 2274 4169 ut
2325 4098 2439 4167 vix
2486 4091 2753 4192 integer
2805 4089 3009 4178 adsit,
3093 4089 3199 4161 lin.
3248 4113 3549 4174 crassus,
3603 4089 3671 4159 in

626 4217 829 4289 siccis
885 4215 1447 4315 longitudinaliter
1498 4222 2262 4315 cavernoso-rugosus·
2352 4210 2564 4286 Clava
2616 4211 3143 4310 sesqui-unciam
3212 4208 3476 4281 circiter
3523 4205 3672 4278 lon·

624 4361 748 4434 ga,
798 4334 847 4407 3
898 4334 1006 4406 lin.
1055 4361 1317 4422 crassa,
1387 4335 1666 4423 obtusa,
1744 4335 1953 4423 nuda,
2018 4360 2268 4434 opaca,
2324 4344 2492 4418 atra,
2549 4332 2766 4430 primo
2821 4330 3061 4402 obtutu
3113 4325 3672 4425 (exsiccationei’)

625 4456 1277 4551 rimoso-corrugata
1362 4452 1487 4527 sed
1536 4453 1931 4553 superficies
1984 4478 2025 4527 e
2075 4448 2458 4551 peritheciis
2528 4476 2765 4549 parum
2820 4445 3212 4548 prominulis
3265 4444 3476 4517 dense
3527 4442 3672 4516 col·

626 4569 939 4659 liculosa,
992 4574 1108 4671 qui
1159 4571 1447 4646 colliculi
1499 4597 1653 4643 cum
1707 4571 1954 4671 papilla
2003 4569 2331 4670 depressa
2381 4594 2706 4640 mammas
2756 4567 3091 4663 virgineas
3144 4561 3456 4636 referunt.
3559 4558 3674 4634 In-

622 4700 733 4760 tus
785 4688 941 4762 alba
992 4702 1113 4763 est.
1215 4688 1599 4765 Perithecia
1646 4693 1933 4787 majora,
1993 4700 2228 4762 exacte
2277 4687 2604 4787 globosa,
2657 4682 3115 4785 peripherica‚
3176 4683 3398 4753 minus
3470 4705 3676 4778 regu·

626 4805 854 4880 lariter
902 4806 1230 4908 disposita
1251 4866 1268 4894 ,
1319 4808 1563 4882 nucleo
1608 4819 1752 4881 atro
1806 4806 2030 4880 farcta.
2133 4805 2303 4880 Asci
2349 4818 2418 4880 et
2467 4829 2717 4904 sporae
2770 4802 2913 4876 fere
2963 4803 3220 4902 primae
3271 4801 3556 4900 speciei,
3607 4809 3679 4872 et

621 4926 695 4998 in
736 4951 990 5024 genere
1043 4926 1110 4998 hi
1157 4928 1219 5000 in
1272 4925 1409 4999 hoc
1448 4951 1700 5026 genere
1726 4926 2211 5000 naturalissimo
2262 4928 2376 5000 vix
2423 4925 2619 5012 alias,
2671 4949 2871 5022 quam
2907 4921 3429 5021 comparativas,
3481 4915 3671 4991 diffe-

622 5046 874 5116 rentias
949 5042 1265 5133 offerunt3
1338 5072 1492 5118 nam
1569 5057 1787 5118 utrum
1859 5072 2107 5146 sporae
2155 5045 2575 5143 uniseptatae
2643 5069 2726 5115 an
2776 5041 3121 5141 simplices
3173 5065 3214 5113 e
3263 5038 3447 5111 varie
3499 5047 3672 5109 statu

619 5160 930 5260 pendere
992 5163 1289 5253 videtur,
1369 5162 1554 5265 quod
1629 5163 1964 5262 singulare
2032 5190 2187 5238 cum
2254 5163 2428 5236 inter
2508 5159 2962 5260 Cordicipites
3037 5157 3384 5257 multiplex
3460 5165 3679 5231 exstat

619 5281 932 5355 varietas.

4790 5524 4890 6063 [¹
