4984 6517
3403 597 3509 682 19

599 812 671 886 In
723 815 1246 914 geographicam
1296 814 1651 913 fungorum
1704 814 2235 889 distributionem
2302 815 2434 888 hoc
2501 816 2654 888 loco
2726 818 3231 891 observationes
3298 819 3619 917 quasdam

426 936 817 1036 praemittere
872 933 1098 1006 liceat:

422 1071 460 1145 l.
556 1066 909 1166 Vegetatio
969 1068 1254 1166 fungosa
1306 1070 1370 1141 in
1424 1068 1705 1143 diversis
1758 1071 1950 1141 terris
1992 1068 2197 1140 multo
2245 1070 2455 1165 magis
2500 1069 2858 1143 conformis
2905 1071 3167 1144 videtur
3211 1098 3409 1170 quam
3462 1072 3616 1143 alia-

601 1214 741 1258 rum
787 1186 1176 1286 plantarum.
1280 1186 1595 1260 Vastiora
1647 1210 1922 1288 genera
1965 1200 2034 1260 et
2084 1187 2326 1261 multae
2383 1192 2650 1287 species
2705 1216 2867 1263 vere
2921 1192 3404 1290 cosmopolitae
3447 1204 3615 1263 sunt.

599 1302 754 1384 Quo
809 1309 1022 1404 magis
1069 1318 1286 1378 autem
1330 1333 1544 1403 genus
1597 1309 1661 1378 in
1720 1307 1859 1377 aliis
1909 1306 2148 1404 plantis
2200 1309 2624 1406 parasitatur,
2689 1335 2772 1381 eo
2838 1311 3050 1408 magis
3115 1312 3381 1409 species
3434 1335 3472 1382 e
3518 1309 3606 1380 di-

593 1450 783 1496 versa
832 1437 1040 1497 matre
1090 1434 1437 1496 mutantur.
1554 1422 1733 1497 Hinc
1794 1437 2144 1499 terrestres
2216 1424 2492 1525 Agarici
2560 1440 2628 1500 et
2690 1425 2916 1500 Boleti
2977 1430 3042 1500 in
3097 1427 3376 1501 diversis
3427 1430 3616 1499 terris

598 1545 804 1640 magis
859 1555 1265 1640 congruunt,
1315 1568 1512 1641 quam
1561 1545 1808 1645 epixyli
1859 1542 2192 1645 Polypori
2243 1556 2312 1617 et
2355 1542 2654 1631 Lentini;
2721 1545 2789 1617 hi
2835 1548 3046 1643 magis
3109 1573 3306 1645 quam
3374 1572 3413 1619 e
3466 1573 3616 1617 cor-

595 1663 721 1734 tice
776 1674 1203 1759 erumpentes
1255 1660 1855 1763 Pyrenomycetes.
1948 1660 2249 1736 Maxime
2299 1666 2530 1751 innati,
2581 1662 2989 1766 Entophyfi,
3062 1664 3285 1764 quoad
3353 1665 3616 1763 species

596 1802 809 1878 aeque
882 1782 1043 1852 varii
1114 1794 1298 1865 sunt,
1375 1807 1453 1851 ac
1528 1782 1824 1879 plantae,
1909 1783 2152 1880 quibus
2244 1784 2689 1855 innascuntur.
2821 1780 3092 1855 Illorum
3142 1796 3372 1855 natura
3423 1784 3620 1879 igitur

597 1898 938 1972 manifeste
992 1902 1202 1996 magis
1261 1911 1618 1971 autonoma
1668 1914 1801 1986 est3
1850 1900 2083 1972 harum
2137 1903 2406 2000 species
2458 1901 2911 1974 secundariae.

430 2040 493 2115 Il.
586 2038 783 2115 Duae
831 2053 1051 2115 tamen
1103 2053 1257 2114 sunt
1320 2042 1758 2139 vegetationis
1830 2039 2156 2139 fungosae
2242 2044 2593 2141 regiones,
2663 2067 2835 2140 quae
2903 2042 3204 2140 plurimis
3257 2041 3617 2113 rationibus

426 2780 521 2855 111.

406 4978 528 5058 Vl.

599 2162 951 2259 oppositae
1004 2162 1089 2231 ita
1137 2159 1475 2246 differunt,
1547 2172 1618 2230 ut
1666 2159 1792 2233 hae
1870 2160 2083 2232 saltim
2133 2188 2259 2260 pro
2316 2161 2600 2233 diversis
2681 2159 3058 2233 censendae
3125 2162 3281 2244 sint,
3374 2187 3616 2258 nempe

601 2275 830 2351 Zonae
885 2279 1137 2351 calidae
1193 2291 1260 2351 et
1309 2291 1737 2378 temperatae.
1869 2277 2061 2352 Zona
2114 2279 2348 2378 frigida
2401 2282 2487 2353 ab
2540 2280 2666 2351 hac
2716 2306 2852 2352 non
2904 2303 3316 2376 magnopere
3375 2276 3618 2362 differt,

599 2398 701 2468 vix
752 2397 926 2470 ullos
978 2400 1208 2497 privos
1282 2410 1487 2498 typos
1568 2398 1794 2484 offert3
1861 2398 2044 2470 multi
2115 2425 2279 2471 vero
2338 2401 2687 2496 regionum
2743 2407 3256 2495 temperatamm
3301 2398 3443 2496 typi
3493 2397 3618 2469 ibi-

597 2515 741 2587 dem
797 2515 1144 2603 deficiunt,
1196 2545 1258 2588 v.
1313 2542 1370 2587 c.
1423 2515 1759 2589 brumales
1812 2527 1880 2588 et
1931 2518 2346 2590 subterranei
2399 2513 2818 2603 Tuberacei,
2890 2517 2982 2589 ob
3061 2527 3302 2587 terram
3380 2541 3618 2613 magna

599 2636 740 2705 anni
789 2648 984 2733 parte
1038 2635 1476 2732 congelatam.

593 2781 778 2857 Haec
831 2813 996 2859 vero
1046 2786 1407 2860 differentia
1460 2790 1629 2860 inter
1676 2788 2114 2887 perfectiores
2170 2801 2239 2860 et
2287 2789 2497 2861 libere
2550 2788 2860 2861 evolutos
2937 2789 3300 2886 praecipue
3383 2789 3618 2861 obser-

598 2916 807 2989 vatur,
892 2902 1494 3007 Gasteromycetes
1591 2909 1907 2993 maxime,
1983 2932 2265 3006 quorum
2350 2908 2634 3006 plurima
2677 2946 2686 2955 ,
2735 2907 3147 2980 nobilissima
3219 2931 3470 3005 genera
3555 2907 3620 2976 in

598 3022 780 3095 terris
836 3022 1065 3095 calidis
1144 3027 1521 3123 gignuntur,
1573 3038 1642 3099 et
1694 3023 2350 3127 HymenomyceteS,
2425 3051 2578 3097 cum
2632 3023 3214 3127 Pyrenomycetes
3263 3035 3331 3097 et
3387 3050 3619 3096 omnes

602 3138 776 3237 fungi
836 3140 1313 3230 elementares,
1365 3144 1521 3215 licet
1568 3143 1636 3214 hi
1684 3170 1722 3217 e
1772 3146 1963 3216 terris
2018 3145 2245 3218 calidis
2297 3171 2535 3245 parum
2587 3146 2836 3244 cogniti
2888 3144 3046 3230 sint,
3096 3142 3375 3216 eosdem
3415 3154 3618 3242 typos

602 3257 912 3346 offerunt,
964 3262 1264 3357 quamvis
1311 3264 1690 3360 specierum
1737 3264 2019 3335 varietas
2070 3266 2300 3359 major.

605 3398 790 3473 Zona
841 3402 1052 3475 calida
1110 3405 1311 3503 longe
1387 3407 1617 3505 plures
1694 3405 2072 3504 paradoxas
2125 3419 2194 3479 et
2244 3410 2413 3480 inter
2484 3433 2561 3480 se
2617 3406 3077 3504 discrepantes
3152 3404 3261 3475 alit
3346 3403 3623 3488 sormaS,

601 3547 792 3618 quam
848 3523 1036 3619 regio
1083 3533 1468 3622 temperata.
1576 3521 1752 3597 Cum
1805 3525 2046 3622 tropici
2096 3522 2279 3623 fungi
2331 3524 2772 3625 perfectiores
2820 3523 3011 3596 facile
3057 3535 3125 3596 et
3150 3525 3341 3623 quasi
3378 3534 3623 3621 sponte

596 3644 653 3710 in
706 3640 911 3711 multa
964 3668 1212 3739 genera
1259 3642 1637 3728 solvuntur,
1682 3644 2030 3739 regionum
2081 3656 2598 3741 temperatarum
2650 3645 2737 3715 ita
2787 3642 3203 3728 consumieS‚
3253 3653 3327 3712 ut
3376 3667 3623 3738 genera

597 3760 964 3831 vastissima
1017 3760 1292 3832 indivisa
1348 3787 1616 3833 servare
1672 3786 2010 3857 cogamur.
2117 3760 2491 3860 Sparassis
2538 3762 3019 3857 nobilissimum
3064 3763 3232 3833 sistit
3276 3763 3622 3859 regionum

598 3888 1109 3976 temperatarum
1161 3905 1395 3977 genus,
1502 3934 1509 3943 .

481 4072 492 4085 .
598 4014 756 4088 Utra
804 4016 1038 4088 harum
1090 4017 1439 4113 regionum
1512 4014 1890 4112 specierum
1943 4042 2221 4088 numero
2296 4015 2491 4089 ditior
2565 4020 2680 4106 sit,
2746 4021 2810 4091 in
2858 4032 3212 4116 praesente
3289 4020 3625 4090 enuntiare

598 4134 767 4207 haud
820 4136 995 4207 licet.
1129 4131 1375 4205 Monet
1427 4146 1646 4203 tamen
1707 4129 1853 4205 Cel.
1920 4130 2284 4231 Junghuhn
2346 4136 2412 4205 in
2486 4138 2761 4235 tropicis
2843 4138 3032 4208 terris
3105 4165 3165 4207 v.
3225 4164 3281 4208 c.
3333 4140 3396 4208 in
3456 4135 3625 4208 Java

602 4254 837 4352 fungos
895 4254 1258 4352 praecipue
1311 4250 1604 4323 incolere
1660 4254 1972 4350 regiones
2030 4264 2434 4349 temperatas
2490 4254 2575 4327 ab
2625 4253 2960 4326 altitudine
3013 4259 3178 4325 3000
3243 4281 3458 4352 usque
3542 4254 3625 4325 ad

599 4379 754 4444 5000
805 4370 1090 4470 pedum:
1144 4371 1308 4441 ultra
1362 4369 1532 4441 hanc
1585 4370 1987 4443 altitudinem
2039 4372 2277 4443 iterum
2335 4385 2694 4444 rarescunt.
2798 4369 3062 4445 Eadem
3116 4374 3279 4445 ratio
3326 4376 3389 4445 in
3441 4371 3628 4445 India

600 4490 931 4575 orientali,
1006 4491 1071 4563 in
1149 4491 1338 4584 cujus
1419 4489 1815 4586 planitiebus
1890 4487 2075 4585 fungi
2147 4488 2508 4561 admodum
2561 4503 2936 4577 rarescunt,
2994 4491 3232 4564 sedin
3288 4492 3626 4565 altioribus

601 4609 1021 4708 regionibus,
1072 4634 1135 4678 v.
1191 4632 1247 4677 c.
1302 4603 1559 4678 Sikkim
1614 4604 2039 4707 Himalayae,
2096 4614 2403 4681 7-8000
2457 4608 2615 4707 ped.
2664 4608 2874 4697 altid.,
2926 4637 3010 4682 ex
3061 4608 3389 4683 Hookero
3464 4611 3627 4698 filio,

600 4739 666 4799 et
710 4728 1091 4826 specierum
1133 4750 1411 4796 numero
1476 4738 1543 4797 et
1607 4724 2093 4815 individuorum
2156 4731 2354 4825 copia
2420 4729 2700 4800 maxime
2759 4728 3099 4800 luxuriant.
3205 4728 3302 4801 Ita
3356 4757 3627 4829 quoque

603 4848 783 4943 regio
835 4848 1154 4917 montium
1208 4855 1573 4941 temperata
1625 4846 1687 4915 in
1741 4841 2056 4916 America
2107 4846 2376 4918 centrali
2423 4845 2776 4942 fungorum
2831 4845 3231 4919 feracissima
3286 4861 3406 4921 est.

605 4986 853 5066 Quoad
906 4989 1394 5063 individuorum
1443 4988 1638 5088 copia
1679 4992 1865 5087 regio
1920 5003 2290 5089 temperata
2357 4994 2620 5067 excellit
2682 5006 2750 5066 et
2826 4993 3052 5065 nullibi
3111 4995 3172 5065 in
3232 4996 3439 5067 calida
3497 5009 3628 5069 ter-

598 5134 735 5179 ram
786 5135 1006 5208 paene
1063 5110 1417 5206 obtegunt,
1469 5121 1543 5179 ut
1588 5109 1713 5180 sub
1772 5122 2004 5181 nostro
2066 5121 2378 5184 autumno
2433 5113 2764 5210 pluvioso.
2869 5109 2943 5183 In
2994 5114 3185 5185 terris
3234 5113 3460 5186 calidis
3511 5113 3628 5186 de-

602 5227 777 5299 linito
838 5230 988 5300 anni
1036 5231 1252 5326 spatio
1306 5253 1441 5299 non
1497 5227 1845 5325 adscripti,
1900 5228 2022 5301 sed
2075 5256 2200 5327 per
2251 5257 2484 5305 omnes
2541 5235 2686 5304 anni
2740 5243 2965 5329 partes
3011 5231 3371 5330 aequaliter
3414 5232 3627 5325 distri:

602 5345 770 5433 buti,
824 5349 1112 5446 sparsim
1158 5360 1225 5419 et
1273 5347 1541 5421 solitarii
1593 5348 1805 5434 obvii,
1858 5373 1987 5421 nec
2041 5353 2352 5422 catervati
2406 5363 2473 5423 et
2522 5378 2671 5423 raro
2725 5353 3101 5449 caespitosi.
