<?xml version="1.0" encoding="UTF-8"?>
<!DOCTYPE html PUBLIC "-//W3C//DTD XHTML 1.0 Transitional//EN"
    "http://www.w3.org/TR/xhtml1/DTD/xhtml1-transitional.dtd">
<html xmlns="http://www.w3.org/1999/xhtml" xml:lang="en" lang="en">
 <head>
  <title>
</title>
<meta http-equiv="Content-Type" content="text/html;charset=utf-8" />
  <meta name='ocr-system' content='tesseract 3.04.00' />
  <meta name='ocr-capabilities' content='ocr_page ocr_carea ocr_par ocr_line ocrx_word'/>
</head>
<body>
  <div class='ocr_page' id='page_1' title='image "./novaactaregiaes00uppsgoog_0369.png"; bbox 0 0 4984 6517; ppageno 0'>
   <div class='ocr_carea' id='block_1_1' title="bbox 3402 535 3577 622">
    <p class='ocr_par' dir='ltr' id='par_1_1' title="bbox 3402 535 3577 622">
     <span class='ocr_line' id='line_1_1' title="bbox 3402 535 3577 622; baseline 0.017 -3"><span class='ocrx_word' id='word_1_1' title='bbox 3402 535 3577 622; x_wconf 68' lang='lat'><strong>345</strong></span> 
     </span>
    </p>
   </div>
   <div class='ocr_carea' id='block_1_2' title="bbox 415 744 3803 2715">
    <p class='ocr_par' dir='ltr' id='par_1_2' title="bbox 415 744 3803 2715">
     <span class='ocr_line' id='line_1_2' title="bbox 724 744 3687 846; baseline -0.002 -17"><span class='ocrx_word' id='word_1_2' title='bbox 724 753 957 829; x_wconf 85' lang='lat' dir='ltr'><strong>Callus</strong></span> <span class='ocrx_word' id='word_1_3' title='bbox 1013 752 1318 826; x_wconf 88' lang='lat' dir='ltr'><strong>radicalis</strong></span> <span class='ocrx_word' id='word_1_4' title='bbox 1369 747 1788 832; x_wconf 85' lang='lat' dir='ltr'><strong>disciformis,</strong></span> <span class='ocrx_word' id='word_1_5' title='bbox 1841 748 2077 845; x_wconf 87' lang='lat' dir='ltr'><strong>planus</strong></span> <span class='ocrx_word' id='word_1_6' title='bbox 2140 746 2178 816; x_wconf 90' lang='grc' dir='ltr'><strong>Ι.</strong></span> <span class='ocrx_word' id='word_1_7' title='bbox 2235 770 2603 831; x_wconf 86' lang='lat' dir='ltr'><strong>convexus,</strong></span> <span class='ocrx_word' id='word_1_8' title='bbox 2658 772 2875 845; x_wconf 86' lang='lat' dir='ltr'><strong>usque</strong></span> <span class='ocrx_word' id='word_1_9' title='bbox 2930 744 2977 818; x_wconf 87' lang='grc'><strong>5</strong></span> <span class='ocrx_word' id='word_1_10' title='bbox 3023 747 3307 846; x_wconf 79' lang='lat' dir='ltr'>pollices</span> <span class='ocrx_word' id='word_1_11' title='bbox 3360 749 3687 824; x_wconf 89' lang='lat' dir='ltr'><strong>diametro</strong></span> 
     </span>
     <span class='ocr_line' id='line_1_3' title="bbox 416 860 3687 974; baseline -0.002 -27"><span class='ocrx_word' id='word_1_12' title='bbox 416 901 716 974; x_wconf 89' lang='lat' dir='ltr'><strong>aequans</strong></span> <span class='ocrx_word' id='word_1_13' title='bbox 796 886 865 947; x_wconf 92' lang='lat' dir='ltr'><strong>et</strong></span> <span class='ocrx_word' id='word_1_14' title='bbox 947 874 1102 971; x_wconf 90' lang='lat' dir='ltr'><strong>plus</strong></span> <span class='ocrx_word' id='word_1_15' title='bbox 1157 895 1356 968; x_wconf 88' lang='lat' dir='ltr'><strong>quam</strong></span> <span class='ocrx_word' id='word_1_16' title='bbox 1428 868 1859 940; x_wconf 80' lang='lat' dir='ltr'><strong>semiunciam</strong></span> <span class='ocrx_word' id='word_1_17' title='bbox 1914 891 2203 938; x_wconf 89' lang='lat' dir='ltr'><strong>crassus.</strong></span> <span class='ocrx_word' id='word_1_18' title='bbox 2307 860 2546 961; x_wconf 89' lang='lat' dir='ltr'><strong>Stipes</strong></span> <span class='ocrx_word' id='word_1_19' title='bbox 2600 866 3032 963; x_wconf 88' lang='lat' dir='ltr'><strong>plerumque,</strong></span> <span class='ocrx_word' id='word_1_20' title='bbox 3086 866 3294 964; x_wconf 90' lang='lat' dir='ltr'><strong>idque</strong></span> <span class='ocrx_word' id='word_1_21' title='bbox 3347 869 3410 939; x_wconf 91' lang='lat' dir='ltr'><strong>in</strong></span> <span class='ocrx_word' id='word_1_22' title='bbox 3462 872 3687 966; x_wconf 87' lang='lat' dir='ltr'><strong>speci-</strong></span> 
     </span>
     <span class='ocr_line' id='line_1_4' title="bbox 415 981 3687 1085; baseline -0.002 -18"><span class='ocrx_word' id='word_1_23' title='bbox 415 995 707 1067; x_wconf 81' lang='lat' dir='ltr'>minibus</span> <span class='ocrx_word' id='word_1_24' title='bbox 761 994 1098 1074; x_wconf 80' lang='lat' dir='ltr'><strong>maximis,</strong></span> <span class='ocrx_word' id='word_1_25' title='bbox 1152 984 1571 1085; x_wconf 76' lang='lat' dir='ltr'><strong>longitudine</strong></span> <span class='ocrx_word' id='word_1_26' title='bbox 1631 984 2141 1082; x_wconf 76' lang='lat' dir='ltr'><strong>4-5-pollicaris</strong></span> <span class='ocrx_word' id='word_1_27' title='bbox 2200 994 2266 1054; x_wconf 91' lang='lat' dir='ltr'><strong>et</strong></span> <span class='ocrx_word' id='word_1_28' title='bbox 2316 981 2541 1053; x_wconf 81' lang='lat' dir='ltr'><strong>forsan</strong></span> <span class='ocrx_word' id='word_1_29' title='bbox 2594 981 2796 1068; x_wconf 91' lang='lat' dir='ltr'><strong>ultra,</strong></span> <span class='ocrx_word' id='word_1_30' title='bbox 2850 982 3155 1071; x_wconf 87' lang='lat' dir='ltr'><strong>solidus,</strong></span> <span class='ocrx_word' id='word_1_31' title='bbox 3195 984 3448 1059; x_wconf 84' lang='lat' dir='ltr'><strong>inferne</strong></span> <span class='ocrx_word' id='word_1_32' title='bbox 3509 998 3687 1060; x_wconf 88' lang='lat' dir='ltr'><strong>teres</strong></span> 
     </span>
     <span class='ocr_line' id='line_1_5' title="bbox 418 1098 3686 1209; baseline -0.003 -23"><span class='ocrx_word' id='word_1_33' title='bbox 418 1138 715 1209; x_wconf 88' lang='lat' dir='ltr'><strong>superne</strong></span> <span class='ocrx_word' id='word_1_34' title='bbox 794 1109 1260 1207; x_wconf 89' lang='lat' dir='ltr'><strong>complanatus</strong></span> <span class='ocrx_word' id='word_1_35' title='bbox 1317 1116 1385 1178; x_wconf 90' lang='lat' dir='ltr'><strong>et</strong></span> <span class='ocrx_word' id='word_1_36' title='bbox 1441 1105 1504 1176; x_wconf 90' lang='lat' dir='ltr'><strong>in</strong></span> <span class='ocrx_word' id='word_1_37' title='bbox 1560 1104 1866 1174; x_wconf 89' lang='lat' dir='ltr'><strong>laminam</strong></span> <span class='ocrx_word' id='word_1_38' title='bbox 1918 1126 2279 1199; x_wconf 61' lang='lat' dir='ltr'><strong>expansus</strong></span> <span class='ocrx_word' id='word_1_39' title='bbox 2385 1098 2666 1171; x_wconf 82' lang='lat' dir='ltr'><strong>Lamina</strong></span> <span class='ocrx_word' id='word_1_40' title='bbox 2723 1101 2867 1173; x_wconf 90' lang='lat' dir='ltr'><strong>basi</strong></span> <span class='ocrx_word' id='word_1_41' title='bbox 2923 1114 3205 1174; x_wconf 79' lang='lat' dir='ltr'><strong>cuneata</strong></span> <span class='ocrx_word' id='word_1_42' title='bbox 3263 1104 3301 1174; x_wconf 88' lang='grc' dir='ltr'><strong>Ι.</strong></span> <span class='ocrx_word' id='word_1_43' title='bbox 3357 1114 3572 1188; x_wconf 88' lang='lat' dir='ltr'><strong>ovata,</strong></span> <span class='ocrx_word' id='word_1_44' title='bbox 3623 1108 3686 1177; x_wconf 82' lang='lat' dir='ltr'><strong>in</strong></span> 
     </span>
     <span class='ocr_line' id='line_1_6' title="bbox 419 1218 3685 1328; baseline -0.002 -25"><span class='ocrx_word' id='word_1_45' title='bbox 419 1231 901 1328; x_wconf 79' lang='lat' dir='ltr'><strong>speciminibus</strong></span> <span class='ocrx_word' id='word_1_46' title='bbox 924 1226 1308 1322; x_wconf 87' lang='lat' dir='ltr'><strong>junioribus</strong></span> <span class='ocrx_word' id='word_1_47' title='bbox 1338 1222 1635 1317; x_wconf 88' lang='lat' dir='ltr'><strong>oblonga</strong></span> <span class='ocrx_word' id='word_1_48' title='bbox 1688 1219 1726 1291; x_wconf 93' lang='grc'><strong>1.</strong></span> <span class='ocrx_word' id='word_1_49' title='bbox 1787 1220 2081 1305; x_wconf 88' lang='lat' dir='ltr'><strong>linearis,</strong></span> <span class='ocrx_word' id='word_1_50' title='bbox 2135 1222 2197 1290; x_wconf 90' lang='lat' dir='ltr'><strong>in</strong></span> <span class='ocrx_word' id='word_1_51' title='bbox 2251 1220 2552 1291; x_wconf 88' lang='lat' dir='ltr'><strong>maximis</strong></span> <span class='ocrx_word' id='word_1_52' title='bbox 2608 1221 2673 1289; x_wconf 92' lang='lat' dir='ltr'><strong>in</strong></span> <span class='ocrx_word' id='word_1_53' title='bbox 2729 1218 3008 1290; x_wconf 84' lang='lat' dir='ltr'><strong>sormam</strong></span> <span class='ocrx_word' id='word_1_54' title='bbox 3061 1221 3216 1317; x_wconf 88' lang='lat' dir='ltr'><strong>plus</strong></span> <span class='ocrx_word' id='word_1_55' title='bbox 3262 1225 3480 1295; x_wconf 91' lang='lat' dir='ltr'><strong>minus</strong></span> <span class='ocrx_word' id='word_1_56' title='bbox 3524 1228 3685 1298; x_wconf 90' lang='lat' dir='ltr'><strong>irre-</strong></span> 
     </span>
     <span class='ocr_line' id='line_1_7' title="bbox 419 1334 3691 1445; baseline -0.002 -26"><span class='ocrx_word' id='word_1_57' title='bbox 419 1349 753 1445; x_wconf 85' lang='lat' dir='ltr'><strong>gularem,</strong></span> <span class='ocrx_word' id='word_1_58' title='bbox 807 1345 1378 1418; x_wconf 80' lang='lat' dir='ltr'><strong>indeterminatam</strong></span> <span class='ocrx_word' id='word_1_59' title='bbox 1411 1351 1478 1412; x_wconf 88' lang='lat' dir='ltr'><strong>et</strong></span> <span class='ocrx_word' id='word_1_60' title='bbox 1508 1338 2036 1411; x_wconf 87' lang='lat' dir='ltr'><strong>dimensionibus</strong></span> <span class='ocrx_word' id='word_1_61' title='bbox 2066 1335 2448 1408; x_wconf 88' lang='lat' dir='ltr'><strong>diminutam</strong></span> <span class='ocrx_word' id='word_1_62' title='bbox 2485 1334 2794 1422; x_wconf 90' lang='lat' dir='ltr'><strong>reducta,</strong></span> <span class='ocrx_word' id='word_1_63' title='bbox 2823 1341 3094 1411; x_wconf 90' lang='lat' dir='ltr'><strong>omnino</strong></span> <span class='ocrx_word' id='word_1_64' title='bbox 3138 1343 3443 1415; x_wconf 89' lang='lat' dir='ltr'><strong>coriacea</strong></span> <span class='ocrx_word' id='word_1_65' title='bbox 3491 1347 3526 1440; x_wconf 57' lang='grc' dir='ltr'><strong><em>ᾖ</em></strong></span> <span class='ocrx_word' id='word_1_66' title='bbox 3571 1345 3608 1415; x_wconf 92' lang='lat' dir='ltr'><strong>l.</strong></span> <span class='ocrx_word' id='word_1_67' title='bbox 3657 1349 3691 1443; x_wconf 57' lang='grc' dir='ltr'><strong>ὲ</strong></span> 
     </span>
     <span class='ocr_line' id='line_1_8' title="bbox 423 1453 3689 1559; baseline -0 -23"><span class='ocrx_word' id='word_1_68' title='bbox 423 1466 684 1538; x_wconf 90' lang='lat' dir='ltr'><strong>unciam</strong></span> <span class='ocrx_word' id='word_1_69' title='bbox 740 1465 1041 1537; x_wconf 84' lang='lat' dir='ltr'><strong>crassitie</strong></span> <span class='ocrx_word' id='word_1_70' title='bbox 1096 1486 1428 1559; x_wconf 76' lang='lat' dir='ltr'><strong>aequanS,</strong></span> <span class='ocrx_word' id='word_1_71' title='bbox 1481 1458 1778 1555; x_wconf 82' lang='lat' dir='ltr'><strong>margine.</strong></span> <span class='ocrx_word' id='word_1_72' title='bbox 1834 1454 2510 1526; x_wconf 88' lang='lat' dir='ltr'><strong>undulato-laciniata.</strong></span> <span class='ocrx_word' id='word_1_73' title='bbox 2613 1453 2934 1527; x_wconf 89' lang='lat' dir='ltr'><strong>Laciniae</strong></span> <span class='ocrx_word' id='word_1_74' title='bbox 2986 1459 3205 1554; x_wconf 92' lang='lat' dir='ltr'><strong>primo</strong></span> <span class='ocrx_word' id='word_1_75' title='bbox 3247 1460 3390 1532; x_wconf 86' lang='lat' dir='ltr'><strong>basi</strong></span> <span class='ocrx_word' id='word_1_76' title='bbox 3418 1465 3689 1535; x_wconf 88' lang='lat' dir='ltr'><strong>omnino</strong></span> 
     </span>
     <span class='ocr_line' id='line_1_9' title="bbox 421 1575 3693 1681; baseline -0 -28"><span class='ocrx_word' id='word_1_77' title='bbox 421 1585 694 1681; x_wconf 78' lang='lat' dir='ltr'><strong>planae,</strong></span> <span class='ocrx_word' id='word_1_78' title='bbox 775 1582 1067 1679; x_wconf 89' lang='lat' dir='ltr'><strong>denique</strong></span> <span class='ocrx_word' id='word_1_79' title='bbox 1139 1582 1201 1650; x_wconf 91' lang='lat' dir='ltr'><strong>in</strong></span> <span class='ocrx_word' id='word_1_80' title='bbox 1258 1577 1580 1675; x_wconf 88' lang='lat' dir='ltr'><strong>petiolum</strong></span> <span class='ocrx_word' id='word_1_81' title='bbox 1641 1585 1950 1658; x_wconf 83' lang='lat' dir='ltr'><strong>teretem,</strong></span> <span class='ocrx_word' id='word_1_82' title='bbox 2010 1597 2207 1669; x_wconf 91' lang='lat' dir='ltr'><strong>quam</strong></span> <span class='ocrx_word' id='word_1_83' title='bbox 2256 1575 2403 1671; x_wconf 91' lang='lat' dir='ltr'><strong>ipsa</strong></span> <span class='ocrx_word' id='word_1_84' title='bbox 2459 1600 2686 1645; x_wconf 91' lang='lat' dir='ltr'><strong>earum</strong></span> <span class='ocrx_word' id='word_1_85' title='bbox 2739 1576 2974 1645; x_wconf 90' lang='lat' dir='ltr'><strong>lamina</strong></span> <span class='ocrx_word' id='word_1_86' title='bbox 3032 1575 3237 1647; x_wconf 90' lang='lat' dir='ltr'><strong>multo</strong></span> <span class='ocrx_word' id='word_1_87' title='bbox 3292 1581 3693 1654; x_wconf 84' lang='lat' dir='ltr'><strong>crassiorem</strong></span> 
     </span>
     <span class='ocr_line' id='line_1_10' title="bbox 424 1689 3691 1793; baseline -0.001 -21"><span class='ocrx_word' id='word_1_88' title='bbox 424 1713 833 1785; x_wconf 85' lang='lat' dir='ltr'><strong>attenuatae,</strong></span> <span class='ocrx_word' id='word_1_89' title='bbox 889 1698 1312 1780; x_wconf 82' lang='lat' dir='ltr'><strong>foliisormes,</strong></span> <span class='ocrx_word' id='word_1_90' title='bbox 1365 1694 1684 1776; x_wconf 89' lang='lat' dir='ltr'><strong>lineares,</strong></span> <span class='ocrx_word' id='word_1_91' title='bbox 1735 1695 2032 1787; x_wconf 85' lang='lat' dir='ltr'><strong>margine</strong></span> <span class='ocrx_word' id='word_1_92' title='bbox 2082 1689 2473 1773; x_wconf 90' lang='lat' dir='ltr'><strong>undulatae,</strong></span> <span class='ocrx_word' id='word_1_93' title='bbox 2533 1689 2659 1763; x_wconf 78' lang='grc'><strong>4-5</strong></span> <span class='ocrx_word' id='word_1_94' title='bbox 2713 1692 2902 1764; x_wconf 89' lang='lat' dir='ltr'><strong>ulnas</strong></span> <span class='ocrx_word' id='word_1_95' title='bbox 2949 1691 3193 1790; x_wconf 87' lang='lat' dir='ltr'><strong>longae</strong></span> <span class='ocrx_word' id='word_1_96' title='bbox 3265 1721 3598 1793; x_wconf 89' lang='lat' dir='ltr'><strong>unamque</strong></span> <span class='ocrx_word' id='word_1_97' title='bbox 3654 1699 3691 1769; x_wconf 95' lang='lat' dir='ltr'><strong>l.</strong></span> 
     </span>
     <span class='ocr_line' id='line_1_11' title="bbox 428 1809 3692 1909; baseline -0.001 -20"><span class='ocrx_word' id='word_1_98' title='bbox 428 1818 785 1890; x_wconf 88' lang='lat' dir='ltr'><strong>dimiduam</strong></span> <span class='ocrx_word' id='word_1_99' title='bbox 850 1820 1051 1900; x_wconf 91' lang='lat' dir='ltr'><strong>latae,</strong></span> <span class='ocrx_word' id='word_1_100' title='bbox 1107 1841 1281 1887; x_wconf 90' lang='lat' dir='ltr'><strong>nunc</strong></span> <span class='ocrx_word' id='word_1_101' title='bbox 1330 1812 1708 1909; x_wconf 82' lang='lat' dir='ltr'><strong>simplices,</strong></span> <span class='ocrx_word' id='word_1_102' title='bbox 1761 1835 1938 1880; x_wconf 89' lang='lat' dir='ltr'><strong>nunc</strong></span> <span class='ocrx_word' id='word_1_103' title='bbox 1987 1811 2181 1907; x_wconf 92' lang='lat' dir='ltr'><strong>apice</strong></span> <span class='ocrx_word' id='word_1_104' title='bbox 2239 1812 2627 1906; x_wconf 84' lang='lat' dir='ltr'><strong>margineve</strong></span> <span class='ocrx_word' id='word_1_105' title='bbox 2681 1809 2787 1881; x_wconf 89' lang='lat' dir='ltr'><strong>bic</strong></span> <span class='ocrx_word' id='word_1_106' title='bbox 2836 1810 2965 1882; x_wconf 92' lang='lat' dir='ltr'><strong>illic</strong></span> <span class='ocrx_word' id='word_1_107' title='bbox 3019 1810 3219 1884; x_wconf 79' lang='lat' dir='ltr'><strong>fissae</strong></span> <span class='ocrx_word' id='word_1_108' title='bbox 3280 1839 3404 1885; x_wconf 87' lang='lat' dir='ltr'><strong>sev</strong></span> <span class='ocrx_word' id='word_1_109' title='bbox 3455 1816 3692 1886; x_wconf 89' lang='lat' dir='ltr'><strong>iterum</strong></span> 
     </span>
     <span class='ocr_line' id='line_1_12' title="bbox 429 1926 3695 2024; baseline -0.002 -16"><span class='ocrx_word' id='word_1_110' title='bbox 429 1938 799 2019; x_wconf 81' lang='lat' dir='ltr'><strong>laciniatae3</strong></span> <span class='ocrx_word' id='word_1_111' title='bbox 855 1934 1178 2007; x_wconf 92' lang='lat' dir='ltr'><strong>lacinulae</strong></span> <span class='ocrx_word' id='word_1_112' title='bbox 1227 1959 1346 2005; x_wconf 85' lang='lat' dir='ltr'><strong>sev</strong></span> <span class='ocrx_word' id='word_1_113' title='bbox 1406 1931 1680 2002; x_wconf 89' lang='lat' dir='ltr'><strong>laciniae</strong></span> <span class='ocrx_word' id='word_1_114' title='bbox 1731 1927 2010 2000; x_wconf 88' lang='lat' dir='ltr'><strong>secundi</strong></span> <span class='ocrx_word' id='word_1_115' title='bbox 2061 1926 2311 2000; x_wconf 90' lang='lat' dir='ltr'><strong>ordinis</strong></span> <span class='ocrx_word' id='word_1_116' title='bbox 2368 1928 2514 1999; x_wconf 91' lang='lat' dir='ltr'><strong>basi</strong></span> <span class='ocrx_word' id='word_1_117' title='bbox 2572 1953 2731 1999; x_wconf 81' lang='lat' dir='ltr'><strong>mox</strong></span> <span class='ocrx_word' id='word_1_118' title='bbox 2781 1928 3020 2024; x_wconf 88' lang='lat' dir='ltr'><strong>planae</strong></span> <span class='ocrx_word' id='word_1_119' title='bbox 3048 1955 3208 2002; x_wconf 83' lang='lat' dir='ltr'><strong>mox</strong></span> <span class='ocrx_word' id='word_1_120' title='bbox 3238 1933 3435 2004; x_wconf 88' lang='lat' dir='ltr'><strong>etiam</strong></span> <span class='ocrx_word' id='word_1_121' title='bbox 3468 1935 3695 2005; x_wconf 88' lang='lat' dir='ltr'><strong>tereti-</strong></span> 
     </span>
     <span class='ocr_line' id='line_1_13' title="bbox 424 2045 3692 2152; baseline -0.001 -25"><span class='ocrx_word' id='word_1_122' title='bbox 424 2054 817 2152; x_wconf 87' lang='lat' dir='ltr'><strong>petiolatae,</strong></span> <span class='ocrx_word' id='word_1_123' title='bbox 874 2078 1139 2135; x_wconf 65' lang='lat' dir='ltr'><strong>omnes»,</strong></span> <span class='ocrx_word' id='word_1_124' title='bbox 1196 2064 1268 2122; x_wconf 90' lang='lat' dir='ltr'><strong>ut</strong></span> <span class='ocrx_word' id='word_1_125' title='bbox 1323 2061 1456 2121; x_wconf 90' lang='lat' dir='ltr'><strong>tota</strong></span> <span class='ocrx_word' id='word_1_126' title='bbox 1532 2047 1788 2144; x_wconf 88' lang='lat' dir='ltr'><strong>planta,</strong></span> <span class='ocrx_word' id='word_1_127' title='bbox 1860 2047 2243 2130; x_wconf 89' lang='lat' dir='ltr'><strong>coriaceae,</strong></span> <span class='ocrx_word' id='word_1_128' title='bbox 2325 2045 2449 2118; x_wconf 90' lang='lat' dir='ltr'><strong>sed</strong></span> <span class='ocrx_word' id='word_1_129' title='bbox 2524 2047 2875 2128; x_wconf 83' lang='lat' dir='ltr'><strong>crassitiei,</strong></span> <span class='ocrx_word' id='word_1_130' title='bbox 2949 2073 3146 2145; x_wconf 91' lang='lat' dir='ltr'><strong>quam</strong></span> <span class='ocrx_word' id='word_1_131' title='bbox 3227 2052 3374 2148; x_wconf 92' lang='lat' dir='ltr'><strong>ipsa</strong></span> <span class='ocrx_word' id='word_1_132' title='bbox 3456 2051 3692 2123; x_wconf 87' lang='lat' dir='ltr'><strong>lamina</strong></span> 
     </span>
     <span class='ocr_line' id='line_1_14' title="bbox 430 2163 3688 2269; baseline -0.001 -27"><span class='ocrx_word' id='word_1_133' title='bbox 430 2173 767 2269; x_wconf 84' lang='lat' dir='ltr'><strong>primaria,</strong></span> <span class='ocrx_word' id='word_1_134' title='bbox 832 2171 1172 2243; x_wconf 86' lang='lat' dir='ltr'><strong>tenuioris.</strong></span> <span class='ocrx_word' id='word_1_135' title='bbox 1283 2164 1499 2239; x_wconf 88' lang='lat' dir='ltr'><strong>Color</strong></span> <span class='ocrx_word' id='word_1_136' title='bbox 1577 2163 2345 2260; x_wconf 80' lang='lat' dir='ltr'><strong>olivaceo-nigrescenS,</strong></span> <span class='ocrx_word' id='word_1_137' title='bbox 2401 2165 2691 2235; x_wconf 87' lang='lat' dir='ltr'><strong>siccatae</strong></span> <span class='ocrx_word' id='word_1_138' title='bbox 2748 2164 3015 2261; x_wconf 90' lang='lat' dir='ltr'><strong>plantae</strong></span> <span class='ocrx_word' id='word_1_139' title='bbox 3069 2165 3443 2253; x_wconf 84' lang='lat' dir='ltr'><strong>adultioris,</strong></span> <span class='ocrx_word' id='word_1_140' title='bbox 3499 2182 3569 2240; x_wconf 94' lang='lat' dir='ltr'><strong>ut</strong></span> <span class='ocrx_word' id='word_1_141' title='bbox 3626 2173 3688 2241; x_wconf 87' lang='lat' dir='ltr'><strong>in</strong></span> 
     </span>
     <span class='ocr_line' id='line_1_15' title="bbox 434 2279 3696 2380; baseline -0.001 -20"><span class='ocrx_word' id='word_1_142' title='bbox 434 2287 824 2360; x_wconf 89' lang='lat' dir='ltr'><strong>Durvillaea</strong></span> <span class='ocrx_word' id='word_1_143' title='bbox 904 2289 1072 2372; x_wconf 91' lang='lat' dir='ltr'><strong>utili,</strong></span> <span class='ocrx_word' id='word_1_144' title='bbox 1150 2287 1421 2357; x_wconf 92' lang='lat' dir='ltr'><strong>omnino</strong></span> <span class='ocrx_word' id='word_1_145' title='bbox 1502 2284 1710 2379; x_wconf 86' lang='lat' dir='ltr'><strong>niger.</strong></span> <span class='ocrx_word' id='word_1_146' title='bbox 1817 2279 2237 2379; x_wconf 85' lang='lat' dir='ltr'><strong>Superficies</strong></span> <span class='ocrx_word' id='word_1_147' title='bbox 2291 2282 2530 2366; x_wconf 86' lang='lat' dir='ltr'><strong>laevis,</strong></span> <span class='ocrx_word' id='word_1_148' title='bbox 2605 2281 2949 2380; x_wconf 85' lang='lat' dir='ltr'><strong>scapbidia</strong></span> <span class='ocrx_word' id='word_1_149' title='bbox 3014 2282 3269 2356; x_wconf 88' lang='lat' dir='ltr'><strong>scilicet</strong></span> <span class='ocrx_word' id='word_1_150' title='bbox 3334 2297 3528 2357; x_wconf 84' lang='lat' dir='ltr'><strong>extus</strong></span> <span class='ocrx_word' id='word_1_151' title='bbox 3585 2288 3696 2358; x_wconf 85' lang='lat' dir='ltr'><strong>vix</strong></span> 
     </span>
     <span class='ocr_line' id='line_1_16' title="bbox 433 2388 3803 2505; baseline -0.001 -26"><span class='ocrx_word' id='word_1_152' title='bbox 433 2407 796 2505; x_wconf 88' lang='lat' dir='ltr'><strong>perspicue</strong></span> <span class='ocrx_word' id='word_1_153' title='bbox 885 2403 1321 2477; x_wconf 87' lang='lat' dir='ltr'><strong>verruculose</strong></span> <span class='ocrx_word' id='word_1_154' title='bbox 1399 2401 1874 2499; x_wconf 81' lang='lat' dir='ltr'><strong>prominentia3</strong></span> <span class='ocrx_word' id='word_1_155' title='bbox 1959 2425 2088 2472; x_wconf 85' lang='lat' dir='ltr'><strong>nec</strong></span> <span class='ocrx_word' id='word_1_156' title='bbox 2173 2401 2325 2497; x_wconf 92' lang='lat' dir='ltr'><strong>pori</strong></span> <span class='ocrx_word' id='word_1_157' title='bbox 2407 2425 2641 2472; x_wconf 90' lang='lat' dir='ltr'><strong>eorum</strong></span> <span class='ocrx_word' id='word_1_158' title='bbox 2727 2401 2927 2473; x_wconf 86' lang='lat' dir='ltr'><strong>oculo</strong></span> <span class='ocrx_word' id='word_1_159' title='bbox 3014 2402 3247 2473; x_wconf 88' lang='lat' dir='ltr'><strong>inermi</strong></span> <span class='ocrx_word' id='word_1_160' title='bbox 3324 2406 3695 2502; x_wconf 87' lang='lat' dir='ltr'><strong>conspicui.</strong></span> <span class='ocrx_word' id='word_1_161' title='bbox 3788 2388 3803 2400; x_wconf 41' lang='lat'>⁸</span> 
     </span>
     <span class='ocr_line' id='line_1_17' title="bbox 433 2515 3697 2618; baseline -0.001 -22"><span class='ocrx_word' id='word_1_162' title='bbox 433 2523 604 2597; x_wconf 87' lang='lat' dir='ltr'><strong>Asci</strong></span> <span class='ocrx_word' id='word_1_163' title='bbox 658 2536 728 2595; x_wconf 91' lang='lat' dir='ltr'><strong>et</strong></span> <span class='ocrx_word' id='word_1_164' title='bbox 785 2521 1184 2606; x_wconf 86' lang='lat' dir='ltr'><strong>antheridia,</strong></span> <span class='ocrx_word' id='word_1_165' title='bbox 1275 2520 1360 2593; x_wconf 89' lang='lat' dir='ltr'><strong>de</strong></span> <span class='ocrx_word' id='word_1_166' title='bbox 1416 2521 1663 2618; x_wconf 93' lang='lat' dir='ltr'><strong>quibus</strong></span> <span class='ocrx_word' id='word_1_167' title='bbox 1717 2516 1832 2589; x_wconf 84' lang='lat' dir='ltr'><strong>cfr.</strong></span> <span class='ocrx_word' id='word_1_168' title='bbox 1894 2515 2072 2589; x_wconf 87' lang='lat' dir='ltr'><strong>char.</strong></span> <span class='ocrx_word' id='word_1_169' title='bbox 2134 2543 2321 2614; x_wconf 67' lang='lat' dir='ltr'><strong>gen„</strong></span> <span class='ocrx_word' id='word_1_170' title='bbox 2397 2544 2673 2615; x_wconf 89' lang='lat' dir='ltr'><strong>semper</strong></span> <span class='ocrx_word' id='word_1_171' title='bbox 2721 2520 2785 2589; x_wconf 94' lang='lat' dir='ltr'><strong>in</strong></span> <span class='ocrx_word' id='word_1_172' title='bbox 2845 2517 3210 2616; x_wconf 85' lang='lat' dir='ltr'><strong>scaphidiis</strong></span> <span class='ocrx_word' id='word_1_173' title='bbox 3277 2518 3697 2594; x_wconf 88' lang='lat' dir='ltr'><strong>diversorum</strong></span> 
     </span>
     <span class='ocr_line' id='line_1_18' title="bbox 425 2642 3215 2715; baseline -0.003 -2"><span class='ocrx_word' id='word_1_174' title='bbox 425 2642 940 2715; x_wconf 87' lang='lat' dir='ltr'><strong>individuorum.</strong></span> <span class='ocrx_word' id='word_1_175' title='bbox 3205 2647 3215 2654; x_wconf 83' lang='lat'>&#39;</span> 
     </span>
    </p>
   </div>
   <div class='ocr_carea' id='block_1_3' title="bbox 422 2751 3701 3228">
    <p class='ocr_par' dir='ltr' id='par_1_3' title="bbox 422 2751 3701 3228">
     <span class='ocr_line' id='line_1_19' title="bbox 735 2751 3697 2874; baseline -0.002 -24"><span class='ocrx_word' id='word_1_176' title='bbox 735 2775 816 2850; x_wconf 91' lang='lat' dir='ltr'><strong>Si</strong></span> <span class='ocrx_word' id='word_1_177' title='bbox 864 2778 1356 2860; x_wconf 87' lang='lat' dir='ltr'><strong>characterem,</strong></span> <span class='ocrx_word' id='word_1_178' title='bbox 1406 2802 1604 2874; x_wconf 85' lang='lat' dir='ltr'><strong>quem</strong></span> <span class='ocrx_word' id='word_1_179' title='bbox 1661 2780 1721 2848; x_wconf 91' lang='lat' dir='ltr'><strong>in</strong></span> <span class='ocrx_word' id='word_1_180' title='bbox 1776 2751 2102 2850; x_wconf 75' lang='lat' dir='ltr'><strong>structura</strong></span> <span class='ocrx_word' id='word_1_181' title='bbox 2159 2790 2226 2849; x_wconf 94' lang='lat' dir='ltr'><strong>et</strong></span> <span class='ocrx_word' id='word_1_182' title='bbox 2287 2778 2667 2874; x_wconf 90' lang='lat' dir='ltr'><strong>praesentia</strong></span> <span class='ocrx_word' id='word_1_183' title='bbox 2730 2776 3132 2874; x_wconf 91' lang='lat' dir='ltr'><strong>petiolorum</strong></span> <span class='ocrx_word' id='word_1_184' title='bbox 3169 2778 3447 2848; x_wconf 88' lang='lat' dir='ltr'><strong>inveniri</strong></span> <span class='ocrx_word' id='word_1_185' title='bbox 3478 2775 3697 2848; x_wconf 86' lang='lat' dir='ltr'><strong>credi·</strong></span> 
     </span>
     <span class='ocr_line' id='line_1_20' title="bbox 422 2891 3699 2993; baseline -0.002 -24"><span class='ocrx_word' id='word_1_186' title='bbox 422 2923 615 2983; x_wconf 71' lang='lat' dir='ltr'><strong>mua,</strong></span> <span class='ocrx_word' id='word_1_187' title='bbox 668 2896 968 2969; x_wconf 81' lang='lat' dir='ltr'><strong>fallacem</strong></span> <span class='ocrx_word' id='word_1_188' title='bbox 1010 2896 1374 2981; x_wconf 90' lang='lat' dir='ltr'><strong>inveneris,</strong></span> <span class='ocrx_word' id='word_1_189' title='bbox 1419 2894 1594 2966; x_wconf 88' lang='lat' dir='ltr'><strong>nulla</strong></span> <span class='ocrx_word' id='word_1_190' title='bbox 1647 2896 1844 2993; x_wconf 88' lang='lat' dir='ltr'><strong>plane</strong></span> <span class='ocrx_word' id='word_1_191' title='bbox 1893 2897 2017 2968; x_wconf 90' lang='lat' dir='ltr'><strong>erit</strong></span> <span class='ocrx_word' id='word_1_192' title='bbox 2059 2897 2230 2967; x_wconf 89' lang='lat' dir='ltr'><strong>inter</strong></span> <span class='ocrx_word' id='word_1_193' title='bbox 2273 2891 2369 2966; x_wconf 92' lang='lat' dir='ltr'><strong>D.</strong></span> <span class='ocrx_word' id='word_1_194' title='bbox 2397 2895 2623 2967; x_wconf 88' lang='lat' dir='ltr'><strong>utilem</strong></span> <span class='ocrx_word' id='word_1_195' title='bbox 2654 2907 2721 2968; x_wconf 89' lang='lat' dir='ltr'><strong>et</strong></span> <span class='ocrx_word' id='word_1_196' title='bbox 2746 2893 2839 2966; x_wconf 93' lang='lat' dir='ltr'><strong>D.</strong></span> <span class='ocrx_word' id='word_1_197' title='bbox 2869 2893 3271 2966; x_wconf 90' lang='lat' dir='ltr'><strong>Potatorum</strong></span> <span class='ocrx_word' id='word_1_198' title='bbox 3300 2894 3699 2979; x_wconf 87' lang='lat' dir='ltr'><strong>differentia,</strong></span> 
     </span>
     <span class='ocr_line' id='line_1_21' title="bbox 431 3009 3700 3114; baseline -0.002 -26"><span class='ocrx_word' id='word_1_199' title='bbox 431 3014 557 3088; x_wconf 90' lang='lat' dir='ltr'><strong>sed</strong></span> <span class='ocrx_word' id='word_1_200' title='bbox 609 3027 895 3114; x_wconf 88' lang='lat' dir='ltr'><strong>utraque</strong></span> <span class='ocrx_word' id='word_1_201' title='bbox 949 3012 1185 3087; x_wconf 90' lang='lat' dir='ltr'><strong>eadem</strong></span> <span class='ocrx_word' id='word_1_202' title='bbox 1241 3014 1531 3111; x_wconf 88' lang='lat' dir='ltr'><strong>species.</strong></span> <span class='ocrx_word' id='word_1_203' title='bbox 1639 3009 1839 3084; x_wconf 91' lang='lat' dir='ltr'><strong>Tunc</strong></span> <span class='ocrx_word' id='word_1_204' title='bbox 1892 3014 2015 3085; x_wconf 90' lang='lat' dir='ltr'><strong>erit</strong></span> <span class='ocrx_word' id='word_1_205' title='bbox 2067 3010 2157 3085; x_wconf 89' lang='lat' dir='ltr'><strong>D.</strong></span> <span class='ocrx_word' id='word_1_206' title='bbox 2210 3011 2614 3086; x_wconf 89' lang='lat' dir='ltr'><strong>Potatorum</strong></span> <span class='ocrx_word' id='word_1_207' title='bbox 2653 3013 2866 3086; x_wconf 87' lang='lat' dir='ltr'><strong>forma</strong></span> <span class='ocrx_word' id='word_1_208' title='bbox 2904 3009 3257 3086; x_wconf 90' lang='lat' dir='ltr'><strong>Durvillae</strong></span> <span class='ocrx_word' id='word_1_209' title='bbox 3288 3013 3492 3100; x_wconf 87' lang='lat' dir='ltr'><strong>utilis,</strong></span> <span class='ocrx_word' id='word_1_210' title='bbox 3524 3035 3700 3110; x_wconf 88' lang='lat' dir='ltr'><strong>quae</strong></span> 
     </span>
     <span class='ocr_line' id='line_1_22' title="bbox 434 3128 3701 3228; baseline -0.001 -24"><span class='ocrx_word' id='word_1_211' title='bbox 434 3131 521 3204; x_wconf 90' lang='lat' dir='ltr'><strong>ad</strong></span> <span class='ocrx_word' id='word_1_212' title='bbox 597 3133 816 3205; x_wconf 87' lang='lat' dir='ltr'><strong>littora</strong></span> <span class='ocrx_word' id='word_1_213' title='bbox 881 3129 1066 3203; x_wconf 90' lang='lat' dir='ltr'><strong>Nov.</strong></span> <span class='ocrx_word' id='word_1_214' title='bbox 1122 3128 1524 3203; x_wconf 86' lang='lat' dir='ltr'><strong>Hollandiae</strong></span> <span class='ocrx_word' id='word_1_215' title='bbox 1584 3155 1924 3228; x_wconf 87' lang='lat' dir='ltr'><strong>nunquam</strong></span> <span class='ocrx_word' id='word_1_216' title='bbox 1977 3131 2049 3202; x_wconf 84' lang='lat' dir='ltr'><strong>fit</strong></span> <span class='ocrx_word' id='word_1_217' title='bbox 2101 3131 2644 3219; x_wconf 88' lang='lat' dir='ltr'><strong>celloso-inflata,</strong></span> <span class='ocrx_word' id='word_1_218' title='bbox 2696 3132 2899 3205; x_wconf 90' lang='lat' dir='ltr'><strong>veluti</strong></span> <span class='ocrx_word' id='word_1_219' title='bbox 2950 3129 3188 3205; x_wconf 90' lang='lat' dir='ltr'><strong>Fucus</strong></span> <span class='ocrx_word' id='word_1_220' title='bbox 3242 3131 3701 3212; x_wconf 75' lang='lat' dir='ltr'><strong>vesiculosuS,</strong></span> 
     </span>
    </p>
   </div>
   <div class='ocr_carea' id='block_1_4' title="bbox 437 3244 3701 3465">
    <p class='ocr_par' dir='ltr' id='par_1_4' title="bbox 437 3244 3701 3465">
     <span class='ocr_line' id='line_1_23' title="bbox 437 3244 3701 3349; baseline -0.001 -28"><span class='ocrx_word' id='word_1_221' title='bbox 437 3250 562 3322; x_wconf 89' lang='lat' dir='ltr'><strong>alia</strong></span> <span class='ocrx_word' id='word_1_222' title='bbox 619 3250 927 3347; x_wconf 81' lang='lat' dir='ltr'><strong>exempla</strong></span> <span class='ocrx_word' id='word_1_223' title='bbox 981 3261 1052 3321; x_wconf 93' lang='lat' dir='ltr'><strong>ut</strong></span> <span class='ocrx_word' id='word_1_224' title='bbox 1106 3251 1521 3335; x_wconf 90' lang='lat' dir='ltr'><strong>omittamus,</strong></span> <span class='ocrx_word' id='word_1_225' title='bbox 1583 3251 1644 3321; x_wconf 91' lang='lat' dir='ltr'><strong>in</strong></span> <span class='ocrx_word' id='word_1_226' title='bbox 1700 3251 1861 3320; x_wconf 88' lang='lat' dir='ltr'><strong>mari</strong></span> <span class='ocrx_word' id='word_1_227' title='bbox 1915 3245 2417 3323; x_wconf 90' lang='lat' dir='ltr'><strong>Mediterraneo</strong></span> <span class='ocrx_word' id='word_1_228' title='bbox 2472 3262 2578 3323; x_wconf 80' lang='lat' dir='ltr'><strong>est</strong></span> <span class='ocrx_word' id='word_1_229' title='bbox 2626 3273 2900 3349; x_wconf 87' lang='lat' dir='ltr'><strong>semper</strong></span> <span class='ocrx_word' id='word_1_230' title='bbox 2963 3249 3446 3322; x_wconf 85' lang='lat' dir='ltr'><strong>evesiculosus.</strong></span> <span class='ocrx_word' id='word_1_231' title='bbox 3552 3244 3701 3320; x_wconf 87' lang='lat' dir='ltr'><strong>Sed</strong></span> 
     </span>
     <span class='ocr_line' id='line_1_24' title="bbox 437 3366 1812 3465; baseline -0.002 -26"><span class='ocrx_word' id='word_1_232' title='bbox 437 3368 576 3440; x_wconf 92' lang='lat' dir='ltr'><strong>hoc</strong></span> <span class='ocrx_word' id='word_1_233' title='bbox 630 3370 790 3440; x_wconf 85' lang='lat' dir='ltr'><strong>satis</strong></span> <span class='ocrx_word' id='word_1_234' title='bbox 851 3392 1193 3465; x_wconf 89' lang='lat' dir='ltr'><strong>superque</strong></span> <span class='ocrx_word' id='word_1_235' title='bbox 1249 3366 1334 3440; x_wconf 90' lang='lat' dir='ltr'><strong>de</strong></span> <span class='ocrx_word' id='word_1_236' title='bbox 1387 3366 1515 3439; x_wconf 86' lang='lat' dir='ltr'><strong>hac</strong></span> <span class='ocrx_word' id='word_1_237' title='bbox 1569 3366 1812 3464; x_wconf 91' lang='lat' dir='ltr'><strong>planta.</strong></span> 
     </span>
    </p>
   </div>
   <div class='ocr_carea' id='block_1_5' title="bbox 1394 3672 2758 3976">
    <p class='ocr_par' dir='ltr' id='par_1_5' title="bbox 1394 3672 2758 3976">
     <span class='ocr_line' id='line_1_25' title="bbox 1597 3672 2539 3759; baseline 0.002 -4"><span class='ocrx_word' id='word_1_238' title='bbox 1597 3672 1691 3755; x_wconf 91' lang='grc'><strong>11.</strong></span> <span class='ocrx_word' id='word_1_239' title='bbox 1790 3673 2539 3759; x_wconf 80' lang='lat' dir='ltr'><strong>FLORIDEAE.</strong></span> 
     </span>
     <span class='ocr_line' id='line_1_26' title="bbox 1394 3875 2758 3976; baseline -0.001 -25"><span class='ocrx_word' id='word_1_240' title='bbox 1394 3878 1518 3976; x_wconf 62' lang='lat' dir='ltr'><strong>xj.</strong></span> <span class='ocrx_word' id='word_1_241' title='bbox 1598 3875 2476 3952; x_wconf 85' lang='lat' dir='ltr'>POLYSIPHONIA</span> <span class='ocrx_word' id='word_1_242' title='bbox 2557 3879 2758 3951; x_wconf 52' lang='lat' dir='ltr'><strong>Gra).</strong></span> 
     </span>
    </p>
   </div>
   <div class='ocr_carea' id='block_1_6' title="bbox 860 4046 2279 4123">
    <p class='ocr_par' dir='ltr' id='par_1_6' title="bbox 860 4046 2279 4123">
     <span class='ocr_line' id='line_1_27' title="bbox 860 4046 2279 4123; baseline 0.001 -6"><span class='ocrx_word' id='word_1_243' title='bbox 860 4050 921 4121; x_wconf 90' lang='lat'><strong>1.</strong></span> <span class='ocrx_word' id='word_1_244' title='bbox 1006 4046 1585 4123; x_wconf 70' lang='lat' dir='ltr'><strong>Pomsmnonm</strong></span> <span class='ocrx_word' id='word_1_245' title='bbox 1638 4050 1941 4123; x_wconf 73' lang='lat' dir='ltr'><strong>Pacu-:N</strong></span> <span class='ocrx_word' id='word_1_246' title='bbox 1995 4048 2279 4120; x_wconf 76' lang='lat' dir='ltr'><strong>Aresch.</strong></span> 
     </span>
    </p>
   </div>
   <div class='ocr_carea' id='block_1_7' title="bbox 441 4182 3715 4755">
    <p class='ocr_par' dir='ltr' id='par_1_7' title="bbox 441 4182 3715 4755">
     <span class='ocr_line' id='line_1_28' title="bbox 757 4182 3713 4284; baseline 0 -28"><span class='ocrx_word' id='word_1_247' title='bbox 757 4182 1061 4271; x_wconf 85' lang='lat' dir='ltr'><strong>Minuta,</strong></span> <span class='ocrx_word' id='word_1_248' title='bbox 1115 4183 1333 4259; x_wconf 88' lang='lat' dir='ltr'><strong>thallo</strong></span> <span class='ocrx_word' id='word_1_249' title='bbox 1386 4186 1782 4259; x_wconf 88' lang='lat' dir='ltr'><strong>ecorticato</strong></span> <span class='ocrx_word' id='word_1_250' title='bbox 1835 4182 2410 4283; x_wconf 88' lang='lat' dir='ltr'><strong>tetrasiphone0‚</strong></span> <span class='ocrx_word' id='word_1_251' title='bbox 2446 4183 2804 4284; x_wconf 89' lang='lat' dir='ltr'><strong>primariis</strong></span> <span class='ocrx_word' id='word_1_252' title='bbox 2829 4183 2967 4259; x_wconf 83' lang='lat' dir='ltr'><strong>filis</strong></span> <span class='ocrx_word' id='word_1_253' title='bbox 2996 4182 3420 4284; x_wconf 89' lang='lat' dir='ltr'><strong>repentibus</strong></span> <span class='ocrx_word' id='word_1_254' title='bbox 3449 4207 3713 4258; x_wconf 86' lang='lat' dir='ltr'><strong>secun-</strong></span> 
     </span>
     <span class='ocr_line' id='line_1_29' title="bbox 442 4298 3713 4403; baseline 0 -30"><span class='ocrx_word' id='word_1_255' title='bbox 442 4300 665 4375; x_wconf 87' lang='lat' dir='ltr'><strong>dariis</strong></span> <span class='ocrx_word' id='word_1_256' title='bbox 721 4300 984 4376; x_wconf 87' lang='lat' dir='ltr'><strong>ereotis</strong></span> <span class='ocrx_word' id='word_1_257' title='bbox 1041 4304 1598 4402; x_wconf 79' lang='lat' dir='ltr'><strong>pauciramosiS,</strong></span> <span class='ocrx_word' id='word_1_258' title='bbox 1650 4303 1867 4378; x_wconf 91' lang='lat' dir='ltr'><strong>ramis</strong></span> <span class='ocrx_word' id='word_1_259' title='bbox 1917 4301 2186 4377; x_wconf 90' lang='lat' dir='ltr'><strong>ambitu</strong></span> <span class='ocrx_word' id='word_1_260' title='bbox 2238 4301 2634 4376; x_wconf 88' lang='lat' dir='ltr'><strong>linearibus</strong></span> <span class='ocrx_word' id='word_1_261' title='bbox 2685 4302 3025 4403; x_wconf 85' lang='lat' dir='ltr'><strong>pinnatis,</strong></span> <span class='ocrx_word' id='word_1_262' title='bbox 3101 4301 3338 4401; x_wconf 88' lang='lat' dir='ltr'><strong>pinnis</strong></span> <span class='ocrx_word' id='word_1_263' title='bbox 3389 4298 3713 4375; x_wconf 85' lang='lat' dir='ltr'><strong>distichis</strong></span> 
     </span>
     <span class='ocr_line' id='line_1_30' title="bbox 441 4416 3714 4518; baseline -0.001 -27"><span class='ocrx_word' id='word_1_264' title='bbox 441 4418 637 4492; x_wconf 86' lang='lat' dir='ltr'><strong>duos</strong></span> <span class='ocrx_word' id='word_1_265' title='bbox 691 4419 1036 4494; x_wconf 88' lang='lat' dir='ltr'><strong>articulos</strong></span> <span class='ocrx_word' id='word_1_266' title='bbox 1092 4419 1521 4494; x_wconf 87' lang='lat' dir='ltr'><strong>distantibus</strong></span> <span class='ocrx_word' id='word_1_267' title='bbox 1575 4417 2582 4495; x_wconf 88' lang='lat' dir='ltr'><strong>horizontali-subrecurvatis</strong></span> <span class='ocrx_word' id='word_1_268' title='bbox 2618 4420 2842 4494; x_wconf 90' lang='lat' dir='ltr'><strong>latere</strong></span> <span class='ocrx_word' id='word_1_269' title='bbox 2894 4418 3256 4518; x_wconf 85' lang='lat' dir='ltr'><strong>superiori</strong></span> <span class='ocrx_word' id='word_1_270' title='bbox 3314 4416 3714 4516; x_wconf 88' lang='lat' dir='ltr'><strong>pectinato·</strong></span> 
     </span>
     <span class='ocr_line' id='line_1_31' title="bbox 444 4532 3715 4638; baseline -0.001 -29"><span class='ocrx_word' id='word_1_271' title='bbox 444 4535 863 4636; x_wconf 85' lang='lat' dir='ltr'><strong>pinnulatis,</strong></span> <span class='ocrx_word' id='word_1_272' title='bbox 919 4536 1230 4636; x_wconf 90' lang='lat' dir='ltr'><strong>pinnulis</strong></span> <span class='ocrx_word' id='word_1_273' title='bbox 1265 4536 1814 4637; x_wconf 85' lang='lat' dir='ltr'><strong>simplicissimis</strong></span> <span class='ocrx_word' id='word_1_274' title='bbox 1870 4536 2221 4611; x_wconf 88' lang='lat' dir='ltr'><strong>subulatis</strong></span> <span class='ocrx_word' id='word_1_275' title='bbox 2273 4536 2444 4611; x_wconf 89' lang='lat' dir='ltr'><strong>stria</strong></span> <span class='ocrx_word' id='word_1_276' title='bbox 2498 4536 2998 4638; x_wconf 85' lang='lat' dir='ltr'><strong>longitudinali</strong></span> <span class='ocrx_word' id='word_1_277' title='bbox 3050 4534 3343 4621; x_wconf 88' lang='lat' dir='ltr'><strong>notatis,</strong></span> <span class='ocrx_word' id='word_1_278' title='bbox 3402 4532 3715 4608; x_wconf 87' lang='lat' dir='ltr'><strong>articulis</strong></span> 
     </span>
     <span class='ocr_line' id='line_1_32' title="bbox 446 4652 2006 4755; baseline 0.001 -28"><span class='ocrx_word' id='word_1_279' title='bbox 446 4652 791 4728; x_wconf 89' lang='lat' dir='ltr'><strong>omnibus</strong></span> <span class='ocrx_word' id='word_1_280' title='bbox 838 4653 1191 4727; x_wconf 91' lang='lat' dir='ltr'><strong>diametro</strong></span> <span class='ocrx_word' id='word_1_281' title='bbox 1228 4678 1484 4752; x_wconf 87' lang='lat' dir='ltr'><strong>parum</strong></span> <span class='ocrx_word' id='word_1_282' title='bbox 1528 4652 2006 4755; x_wconf 79' lang='lat' dir='ltr'><strong>longioribus,</strong></span> 
     </span>
    </p>
   </div>
   <div class='ocr_carea' id='block_1_8' title="bbox 448 4791 3718 4985">
    <p class='ocr_par' dir='ltr' id='par_1_8' title="bbox 448 4791 3718 4985">
     <span class='ocr_line' id='line_1_33' title="bbox 758 4791 3718 4877; baseline -0 -12"><span class='ocrx_word' id='word_1_283' title='bbox 758 4792 884 4865; x_wconf 88' lang='lat' dir='ltr'><strong>Ad</strong></span> <span class='ocrx_word' id='word_1_284' title='bbox 943 4818 1145 4866; x_wconf 89' lang='lat' dir='ltr'><strong>oram</strong></span> <span class='ocrx_word' id='word_1_285' title='bbox 1200 4793 1752 4868; x_wconf 85' lang='lat' dir='ltr'><strong>meridionalem</strong></span> <span class='ocrx_word' id='word_1_286' title='bbox 1806 4792 2060 4868; x_wconf 87' lang='lat' dir='ltr'><strong>Novae</strong></span> <span class='ocrx_word' id='word_1_287' title='bbox 2097 4794 2535 4869; x_wconf 86' lang='lat' dir='ltr'><strong>Hollandiae</strong></span> <span class='ocrx_word' id='word_1_288' title='bbox 2588 4792 2661 4868; x_wconf 90' lang='lat' dir='ltr'><strong>in</strong></span> <span class='ocrx_word' id='word_1_289' title='bbox 2707 4795 2870 4869; x_wconf 88' lang='lat' dir='ltr'><strong>sinu</strong></span> <span class='ocrx_word' id='word_1_290' title='bbox 2918 4795 3097 4868; x_wconf 86' lang='lat' dir='ltr'><strong>Port</strong></span> <span class='ocrx_word' id='word_1_291' title='bbox 3121 4791 3517 4877; x_wconf 86' lang='lat' dir='ltr'><strong>Adelaide,</strong></span> <span class='ocrx_word' id='word_1_292' title='bbox 3546 4791 3718 4865; x_wconf 85' lang='lat' dir='ltr'><strong>Flo·</strong></span> 
     </span>
     <span class='ocr_line' id='line_1_34' title="bbox 448 4909 1642 4985; baseline 0.002 -2"><span class='ocrx_word' id='word_1_293' title='bbox 448 4909 673 4983; x_wconf 89' lang='lat' dir='ltr'><strong>rideis</strong></span> <span class='ocrx_word' id='word_1_294' title='bbox 722 4909 1180 4984; x_wconf 85' lang='lat' dir='ltr'><strong>tenuioribus</strong></span> <span class='ocrx_word' id='word_1_295' title='bbox 1235 4910 1642 4985; x_wconf 82' lang='lat' dir='ltr'><strong>innascenS.</strong></span> 
     </span>
    </p>
   </div>
   <div class='ocr_carea' id='block_1_9' title="bbox 448 5049 3729 5387">
    <p class='ocr_par' dir='ltr' id='par_1_9' title="bbox 448 5049 3729 5387">
     <span class='ocr_line' id='line_1_35' title="bbox 754 5049 3726 5153; baseline -0.001 -31"><span class='ocrx_word' id='word_1_296' title='bbox 754 5050 907 5123; x_wconf 88' lang='lat' dir='ltr'><strong>Fila</strong></span> <span class='ocrx_word' id='word_1_297' title='bbox 961 5053 1227 5150; x_wconf 88' lang='lat' dir='ltr'><strong>plantae</strong></span> <span class='ocrx_word' id='word_1_298' title='bbox 1276 5055 1586 5149; x_wconf 86' lang='lat' dir='ltr'><strong>primaria</strong></span> <span class='ocrx_word' id='word_1_299' title='bbox 1642 5080 1766 5151; x_wconf 89' lang='lat' dir='ltr'><strong>per</strong></span> <span class='ocrx_word' id='word_1_300' title='bbox 1813 5056 2155 5126; x_wconf 88' lang='lat' dir='ltr'><strong>matricem</strong></span> <span class='ocrx_word' id='word_1_301' title='bbox 2211 5056 2510 5152; x_wconf 86' lang='lat' dir='ltr'><strong>repentia</strong></span> <span class='ocrx_word' id='word_1_302' title='bbox 2542 5057 2741 5153; x_wconf 88' lang='lat' dir='ltr'><strong>eique</strong></span> <span class='ocrx_word' id='word_1_303' title='bbox 2772 5065 2954 5125; x_wconf 89' lang='lat' dir='ltr'><strong>arcte</strong></span> <span class='ocrx_word' id='word_1_304' title='bbox 2986 5049 3446 5136; x_wconf 87' lang='lat' dir='ltr'><strong>adhaerentia,</strong></span> <span class='ocrx_word' id='word_1_305' title='bbox 3482 5075 3726 5123; x_wconf 90' lang='lat' dir='ltr'><strong>secun-</strong></span> 
     </span>
     <span class='ocr_line' id='line_1_36' title="bbox 448 5167 3724 5270; baseline -0 -32"><span class='ocrx_word' id='word_1_306' title='bbox 448 5167 630 5240; x_wconf 89' lang='lat' dir='ltr'><strong>daria</strong></span> <span class='ocrx_word' id='word_1_307' title='bbox 687 5195 775 5242; x_wconf 83' lang='lat' dir='ltr'><strong>ex</strong></span> <span class='ocrx_word' id='word_1_308' title='bbox 822 5170 949 5242; x_wconf 90' lang='lat' dir='ltr'><strong>illis</strong></span> <span class='ocrx_word' id='word_1_309' title='bbox 1004 5170 1374 5257; x_wconf 81' lang='lat' dir='ltr'><strong>verticalia‚</strong></span> <span class='ocrx_word' id='word_1_310' title='bbox 1430 5174 1539 5242; x_wconf 85' lang='lat' dir='ltr'><strong>vix</strong></span> <span class='ocrx_word' id='word_1_311' title='bbox 1591 5172 1925 5269; x_wconf 55' lang='lat' dir='ltr'><strong>ff-pollicis</strong></span> <span class='ocrx_word' id='word_1_312' title='bbox 1976 5172 2140 5258; x_wconf 90' lang='lat' dir='ltr'><strong>alta,</strong></span> <span class='ocrx_word' id='word_1_313' title='bbox 2196 5198 2406 5270; x_wconf 90' lang='lat' dir='ltr'><strong>saepe</strong></span> <span class='ocrx_word' id='word_1_314' title='bbox 2455 5172 2813 5269; x_wconf 88' lang='lat' dir='ltr'><strong>simplicia,</strong></span> <span class='ocrx_word' id='word_1_315' title='bbox 2860 5169 2985 5243; x_wconf 89' lang='lat' dir='ltr'><strong>sed</strong></span> <span class='ocrx_word' id='word_1_316' title='bbox 3034 5194 3507 5266; x_wconf 89' lang='lat' dir='ltr'><strong>nonnunquam</strong></span> <span class='ocrx_word' id='word_1_317' title='bbox 3538 5192 3724 5238; x_wconf 88' lang='lat' dir='ltr'><strong>ramo</strong></span> 
     </span>
     <span class='ocr_line' id='line_1_37' title="bbox 448 5284 3729 5387; baseline 0.001 -31"><span class='ocrx_word' id='word_1_318' title='bbox 448 5311 582 5357; x_wconf 89' lang='lat' dir='ltr'><strong>uno</strong></span> <span class='ocrx_word' id='word_1_319' title='bbox 645 5287 946 5361; x_wconf 87' lang='lat' dir='ltr'><strong>alterove</strong></span> <span class='ocrx_word' id='word_1_320' title='bbox 1016 5289 1354 5360; x_wconf 85' lang='lat' dir='ltr'><strong>instructa.</strong></span> <span class='ocrx_word' id='word_1_321' title='bbox 1462 5286 1662 5361; x_wconf 87' lang='lat' dir='ltr'><strong>Rami</strong></span> <span class='ocrx_word' id='word_1_322' title='bbox 1718 5289 1965 5360; x_wconf 91' lang='lat' dir='ltr'><strong>ambitu</strong></span> <span class='ocrx_word' id='word_1_323' title='bbox 2027 5288 2342 5377; x_wconf 86' lang='lat' dir='ltr'><strong>lineares,</strong></span> <span class='ocrx_word' id='word_1_324' title='bbox 2397 5288 2738 5362; x_wconf 88' lang='lat' dir='ltr'><strong>semilinea</strong></span> <span class='ocrx_word' id='word_1_325' title='bbox 2792 5314 3029 5387; x_wconf 88' lang='lat' dir='ltr'><strong>parum</strong></span> <span class='ocrx_word' id='word_1_326' title='bbox 3085 5286 3391 5377; x_wconf 85' lang='lat' dir='ltr'><strong>latiores,</strong></span> <span class='ocrx_word' id='word_1_327' title='bbox 3447 5284 3729 5360; x_wconf 84' lang='lat' dir='ltr'><strong>distiche</strong></span> 
     </span>
    </p>
   </div>
  </div>
 </body>
</html>
