4984 6517
1388 599 1563 682 234

1574 805 1685 881 Ne
1742 830 1923 880 vero
1972 804 2307 890 eandem,
2359 828 2582 905 quam
2625 802 2699 877 in
2749 803 3003 903 priore
3051 802 3311 879 harum
3337 800 3840 905 symbolarum
3865 802 4189 878 sectione
4243 814 4524 878 secutus

1271 949 1432 1001 sum
1469 923 1849 1008 rationem,
1905 945 2051 1022 qua
2084 921 2345 995 ductus
2375 919 2704 1022 singulos
2731 919 2947 995 simul
2999 921 3337 996 inventos
3387 919 3770 995 thesauros
3822 918 4130 995 seorsim
4160 919 4519 1020 descripsi,

1268 1068 1342 1117 1n
1394 1039 1532 1115 hac
1557 1040 1773 1115 etiam
1826 1060 2339 1138 persequerer,
2392 1035 2736 1111 vetabant
2765 1044 2839 1111 et
2885 1036 3149 1112 limites
3200 1035 3371 1111 huic
3398 1036 3756 1138 opusculo
3797 1036 4156 1111 constituti
4204 1046 4278 1111 et
4327 1062 4524 1136 prae-

1269 1158 1483 1257 cipue
1533 1155 1976 1230 abundantia
2027 1155 2492 1229 dirhmorum
2543 1153 3028 1243 inventorum,
3072 1177 3263 1254 quae
3287 1161 3480 1228 tanta
3531 1162 3658 1239 est,
3711 1161 3792 1229 ut
3828 1152 4015 1229 liber
4056 1151 4151 1226 ad
4177 1152 4256 1226 id
4307 1150 4526 1228 factus

1272 1281 1685 1348 accuratam
1743 1296 2004 1347 eorum
2058 1269 2385 1344 omnium
2472 1267 3040 1369 explicationem
3091 1268 3669 1368 comprehendat
3724 1293 4030 1345 necesse
4084 1269 4192 1355 sit,
4269 1269 4333 1342 si
4379 1271 4531 1368 quis

1268 1387 1761 1474 autumaverit,
1816 1387 1939 1462 tali
1985 1386 2542 1462 enumeratione
2593 1395 2951 1486 perpetua
3006 1395 3080 1461 et
3130 1386 3475 1461 continua
3527 1386 3871 1461 scientiae
3915 1408 4364 1487 magnopere
4409 1385 4533 1459 ad-

1263 1504 1527 1602 juvari,
1580 1504 1658 1579 id
1710 1503 1915 1605 quod
1963 1502 2178 1578 valde
2247 1501 2684 1576 dubitamus
2792 1500 3027 1604 Magis
3080 1527 3341 1578 eorum
3393 1502 3612 1577 nobis
3664 1502 3947 1577 adridet
3991 1501 4361 1588 sententia,
4415 1502 4533 1604 qui

1269 1619 1741 1705 contendunt,
1794 1620 1870 1694 in
1921 1644 2005 1695 re
2057 1619 2387 1694 numaria
2434 1616 3245 1707 Muhammedanorum,
3323 1618 3511 1695 sicut
3559 1620 3633 1694 in
3688 1618 3951 1694 ceteris
4000 1617 4530 1692 numismatices

1268 1737 1616 1838 partibus,
1665 1735 1989 1811 maxime
2035 1736 2394 1811 interesse
2461 1760 2942 1836 cognoscere,
2999 1762 3147 1839 quo
3196 1734 3423 1810 modo
3476 1733 3693 1835 hujus
3753 1735 4097 1809 scientiae
4150 1734 4356 1834 quasi
4403 1758 4533 1834 po-

1269 1853 1552 1929 moeria
1600 1851 1927 1955 quotidie
1986 1851 2469 1953 proferantur.
2581 1855 2822 1944 Quam
2875 1852 2974 1927 ob
3005 1877 3165 1927 rem
3183 1856 3339 1952 jam
3369 1852 3592 1927 satius
3647 1851 3846 1938 duxi,
3877 1851 4305 1926 numismata
4327 1876 4530 1938 nova,

1273 1968 1541 2073 quibus
1605 1994 1943 2045 museum
2001 1970 2285 2071 regium
2339 1967 2452 2043 his
2504 1969 2710 2044 annis
2762 1968 3153 2071 postremis
3228 1978 3521 2043 auctum
3601 1976 3731 2055 est,
3785 1968 4189 2041 secundum
4269 1967 4533 2042 classes

1272 2086 1773 2187 dynastiarum
1802 2084 2199 2172 distributa,
2225 2085 2301 2160 in
2358 2086 2608 2162 medio
2631 2110 3075 2187 proponere.
3146 2084 3258 2161 Ne
3308 2109 3490 2160 vero
3521 2083 3756 2158 moles
3782 2108 4041 2158 eorum
4067 2082 4286 2158 nimia
4313 2084 4536 2169 fieret,

1275 2204 1524 2279 omnia
1570 2228 1662 2278 ea
1711 2202 1977 2303 excepi
2005 2202 2475 2302 exemplaria,
2525 2202 2722 2278 haud
2773 2227 3027 2302 pauca,
3078 2227 3268 2303 quae
3311 2201 3567 2276 leviter
3613 2199 3841 2275 modo
3896 2198 4270 2275 differrent
4317 2199 4408 2274 ab
4434 2199 4536 2284 iis,

1275 2346 1465 2421 quae
1492 2318 1585 2394 ad
1612 2316 2265 2418 numophylacium
2291 2320 2577 2420 regium
2603 2328 2817 2395 autea
2842 2319 3083 2394 delata
3113 2327 3187 2394 et
3210 2343 3378 2392 mea
3404 2318 3840 2392 recensione
3885 2317 4251 2416 descripta
4275 2325 4536 2390 essent.

1271 2438 1646 2513 Monetam
1703 2435 1921 2534 hujus
1948 2435 2201 2511 aetatis
2252 2437 2642 2524 arabicam,
2673 2435 3002 2537 inprimis
3055 2432 3630 2520 Samanidarum‚
3684 2460 3835 2509 non
3889 2436 3964 2509 in
3991 2433 4245 2510 litteris
4303 2432 4541 2506 solum

1271 2554 1846 2654 inscriptionum,
1900 2551 2040 2627 sed
2090 2553 2166 2627 in
2214 2553 2679 2640 ornamentis,
2729 2552 2929 2655 siglis
2981 2559 3120 2626 cet.
3179 2550 3396 2625 etiam
3442 2551 3705 2626 mirum
3749 2552 3825 2626 in
3878 2550 4185 2626 modum
4235 2550 4536 2636 variare,

1273 2676 1444 2747 satis
1496 2678 1799 2746 constat.
1909 2672 2120 2761 Quae
2171 2669 2472 2745 variatio
2519 2670 2720 2745 unde
2774 2667 3149 2757 exstiterit,
3214 2691 3439 2769 quum
3496 2666 3762 2742 modus
3814 2665 4077 2741 horum
4131 2678 4545 2767 temporum

1277 2786 1600 2864 cudendi
1661 2785 1991 2861 nondum
2041 2785 2261 2861 nobis
2312 2785 2726 2873 innotuerit,
2794 2810 2934 2860 nos
2990 2785 3281 2860 nescire
3334 2785 3655 2887 ingenue
3702 2782 4031 2870 fatemur,
4088 2808 4336 2886 neque
4388 2808 4545 2857 eam

1276 2905 1452 2982 tanti
1475 2902 1835 2979 habemus
1890 2903 2262 2990 momenti,
2316 2911 2396 2978 ut
2445 2903 2522 2977 in
2574 2900 3002 3000 hujusmodi
3053 2899 3584 2976 commentario
3637 2899 4050 3002 diligentius
4098 2900 4543 3000 respiciatur.

1585 3128 1976 3205 Centuriae
2053 3129 2538 3215 dirhemorum,
2615 3153 2834 3230 quam
2913 3153 2957 3203 e
3025 3152 3289 3203 museo
3369 3129 3578 3231 regio
3658 3125 4064 3231 profectam
4141 3130 4549 3233 legentibus

1270 3251 1425 3345 jam
1472 3246 1546 3321 in
1599 3244 1849 3321 medio
1902 3268 2334 3346 proponam,
2415 3244 2693 3346 aliquot
2742 3243 2991 3320 addidi
3039 3245 3115 3321 in
3168 3245 3436 3321 Suecia
3499 3244 3740 3321 adhuc
3792 3247 4226 3350 incognitos,
4304 3275 4350 3323 e
4399 3251 4548 3324 col-

1276 3361 1714 3439 lectionibus
1761 3371 1909 3436 tam
1958 3360 2248 3461 privatis
2289 3384 2511 3461 quam
2556 3361 2867 3461 publicis
2918 3361 3319 3438 desumtoS.
3430 3365 3677 3454 Quum
3730 3387 4004 3438 novum
4046 3364 4280 3439 laetus
4330 3365 4548 3440 video

1279 3481 1644 3566 ardorem,
1695 3503 1842 3577 quo
1895 3477 2394 3578 antiquitatum
2445 3478 3117 3579 septentrionalium
3158 3487 3601 3555 scrutatores
3632 3477 3962 3555 feruntur
4012 3480 4111 3554 ad
4151 3478 4342 3556 haec
4369 3507 4551 3585 quo-

1283 3623 1427 3699 que
1477 3595 1850 3672 vetustatis
1931 3601 2408 3669 monumenta
2466 3594 2898 3697 colligenda,
2991 3620 3144 3670 non
3200 3621 3507 3696 possum
3584 3621 3738 3671 non
3814 3596 3989 3696 quin
4042 3605 4419 3697 exoptem,
4478 3610 4552 3672 ut

1281 3711 1454 3787 mihi
1506 3712 1718 3787 liceat
1770 3735 1860 3785 ea
1913 3705 2295 3785 confestim
2326 3712 2781 3811 conspicere,
2829 3719 2903 3786 et
2953 3712 3369 3812 conspectis
3408 3709 3669 3787 harum
3695 3711 4207 3813 symbolarum
4261 3714 4549 3789 tertium

1282 3830 1512 3904 edere
1561 3827 2008 3905 fasciculum.

1595 4034 1706 4110 Ne
1752 4060 1933 4113 vero
1984 4034 2242 4112 harum
2291 4061 2540 4113 rerum
2599 4037 2871 4113 curiosi
2936 4038 3296 4143 ignorent,
3385 4040 3656 4142 quibus
3733 4035 3919 4118 locis
3971 4042 4161 4119 haec
4210 4053 4553 4119 monetae

1285 4152 2069 4229 Muhammedanorum
2124 4154 2575 4230 incrementa
2628 4157 2771 4231 sint
2803 4166 3026 4244 eruta,
3084 4168 3237 4233 tum
3280 4157 3579 4234 demum
3606 4158 3702 4235 ad
3755 4184 3911 4235 rem
3946 4161 4278 4236 transibo
4330 4186 4555 4264 agen·

1285 4271 1473 4358 dam,
1553 4297 1779 4373 quum
1825 4269 2143 4346 indicem
2198 4271 2480 4348 dedero
2549 4271 3061 4349 brevissimum
3114 4273 3378 4350 horum
3424 4274 3761 4351 locorum
3813 4276 4111 4377 patriae,
4169 4303 4214 4353 e
4289 4278 4554 4380 quibus

1284 4389 1394 4464 his
1443 4391 1649 4464 annis
1727 4388 2118 4489 postremis
2172 4390 2469 4464 dirhemi
2541 4389 2827 4464 collecti
2879 4401 3065 4467 sunt.
3170 4389 3368 4466 Talis
3418 4392 3615 4466 enim
3692 4395 3962 4482 notitia,
4035 4395 4096 4468 si
4150 4420 4305 4469 non
4357 4394 4556 4469 aliud

1281 4506 1489 4592 valet,
1544 4516 1746 4581 certe
1788 4507 2255 4591 demonstrat,
2302 4503 2441 4580 hos
2472 4531 2758 4595 numos,
2800 4532 2990 4608 quos
3041 4532 3179 4606 per
3205 4532 3543 4610 magnam
3576 4511 3889 4585 Sueciae
3933 4521 4218 4612 partem
4272 4510 4559 4611 disper-

1284 4649 1411 4698 sos
1465 4625 1856 4724 reperiunt,
1909 4623 2156 4697 medio
2228 4647 2415 4697 aevo
2477 4648 2618 4724 pro
2670 4624 2985 4724 pecunia
3035 4619 3260 4698 fuisse
3309 4622 3616 4714 habitos,
3666 4627 3843 4702 dum
3896 4638 4198 4703 moneta
4243 4629 4559 4703 Sueciae

1281 4740 1578 4839 propria
1605 4764 1741 4815 eos
1791 4740 2211 4841 antiquaret.
2317 4739 2659 4815 Eundem
2713 4740 3050 4815 locorum
3098 4740 3436 4816 ordinem
3489 4743 3932 4832 observabo,
3988 4770 4215 4847 quem
4254 4746 4331 4819 in
4368 4754 4566 4818 cata-

1280 4857 1456 4958 logo
1506 4857 1632 4930 illo
1687 4856 2003 4943 adhibui,
2060 4866 2134 4932 et
2184 4881 2231 4929 a
2271 4858 2770 4956 septentrione
2843 4881 3162 4932 exorsus
3214 4867 3288 4931 et
3344 4859 3440 4933 ad
3485 4860 3869 4937 meridiem
3923 4860 4201 4938 deinde
4251 4886 4563 4968 progre-

1281 4974 1508 5057 diens,
1562 4974 1635 5048 in
1688 4973 1941 5049 insulis
1995 4971 2431 5049 Gotlandiae
2485 4984 2561 5049 et
2614 4973 3021 5050 Oelandiae
3074 4971 3488 5051 subsistam.
