4984 6517
3438 556 3606 641 357

445 770 671 844 dicare
717 766 911 842 'esset
953 767 1179 841 forsan
1243 768 1506 841 licitum.
1612 764 1900 841 Minime
1948 782 2200 854 autem,
2251 780 2324 840 ut
2372 794 2522 840 mea
2573 767 2702 842 fert
2754 771 3020 868 opinio,
3073 768 3159 841 ad
3211 768 3384 842 illam
3412 771 3720 843 familiam

440 891 761 987 pertinet,
815 884 903 958 ad
980 883 1405 970 Ceramieas,
1463 896 1531 957 ut
1592 883 1839 971 credo,
1893 885 2291 986 releganda,
2350 887 2525 958 inter
2574 883 2977 960 Hanowiam
3032 886 3435 987 affinesque,
3488 914 3724 987 quam-

440 1031 638 1105 quam
689 1030 887 1103 quam
938 1003 1109 1088 illae,
1157 1001 1542 1076 inferiorem
1595 1002 1818 1073 locum
1877 1015 2134 1077 tenens.
2193 1044 2286 1058 -—-
2343 1001 2519 1076 Cum
2569 999 2846 1108 Thorea
2900 1009 2967 1077 in
3022 1006 3221 1077 variis
3251 1006 3523 1102 quidem
3555 1033 3720 1080 con-

438 1125 648 1222 gruit,
703 1124 828 1195 sed
886 1124 952 1193 in
1005 1120 1134 1193 hac
1187 1119 1289 1192 fila
1348 1120 1526 1191 thalli
1579 1121 1898 1193 interiora
1949 1148 2149 1194 muco
2205 1121 2502 1194 cohibita
2555 1134 2739 1208 sunt,
2791 1149 2919 1196 1100
2972 1123 3419 1197 observantur
3445 1126 3511 1196 in
3541 1123 3720 1197 thalli

440 1240 822 1340 peripheria
905 1238 1184 1312 cellulae
1258 1237 1408 1310 illae
1492 1239 2053 1327 intumescentes,
2119 1251 2394 1313 stratum
2451 1241 2642 1337 quasi
2691 1239 3154 1313 intermedium
3215 1244 3720 1316 constituentes.

443 1356 654 1438 Quod
703 1361 877 1432 inter
933 1355 1360 1430 Conserveas
1414 1352 1960 1454 Spongocladia,
1996 1357 2175 1432 idem
2204 1358 2341 1431 hoc
2378 1384 2595 1456 genus
2624 1358 2796 1430 inter
2825 1357 3217 1433 Ceramieas
3252 1385 3408 1433 esse
3437 1358 3716 1433 videtur.

851 1538 914 1605 1.
1008 1530 1462 1607 Romnum
1521 1529 1956 1606 Lmnmsum
2009 1532 2296 1605 Aresch.

749 1669 875 1860 (iiAd
929 1695 1136 1745 oram
1193 1669 1657 1746 Mexicanam
1711 1695 1946 1771 prope
1998 1672 2200 1745 Vera
2253 1672 2446 1746 Cruz
2494 1669 2669 1773 legit
2728 1670 2878 1745 Cel.
2936 1671 3352 1759 Liebmann,
3406 1675 3529 1776 qui
3554 1700 3720 1775 spe-

455 1786 692 1862 cimen
801 1788 967 1863 edit.

748 1920 1051 1997 Thallus
1104 1920 1376 1995 coloris
1426 1920 1630 1995 rubri
1674 1919 2071 2023 habituque
2095 1921 2571 2024 spongiosuS,
2620 1920 2692 1995 in
2730 1929 2985 1995 nostro
3017 1922 3249 1998 saltim
3285 1927 3716 2027 specimine,

456 2038 657 2137 quod
735 2039 1025 2114 videtur
1097 2039 1397 2136 majoris
1474 2038 1761 2138 plantae
1836 2064 2034 2138 parS,
2113 2036 2595 2141 3-pollicari8,
2650 2037 3003 2114 diametro
3057 2046 3093 2141 Ξ
3142 2039 3379 2118 lineae
3432 2045 3720 2121 circiter

446 2179 805 2255 aequans,
867 2155 1139 2258 ubique
1194 2156 1530 2254 ejusdem
1584 2154 1961 2242 crassitiei,
2018 2181 2389 2243 ramosus;
2439 2155 2622 2229 rami
2670 2155 2932 2260 sparsi,
2984 2180 3180 2231 nunc
3229 2160 3510 2235 ramulo
3567 2187 3716 2236 uun

446 2271 770 2348 alterove
823 2274 1182 2359 instructi,
1238 2298 1433 2347 nunc
1486 2271 1595 2347 bi-
1643 2272 1686 2346 l.
1743 2271 2179 2348 trichotomi.

745 2408 987 2482 Planta
1036 2407 1376 2508 Digeniae
1431 2410 1752 2508 simplicis
1805 2409 2059 2486 formae
2118 2411 2401 2483 tenuiori
2455 2435 2593 2481 non
2646 2409 3000 2497 absimilis,
3042 2425 3112 2487 ut
3156 2412 3242 2484 ab
3279 2413 3545 2485 incauto
3587 2439 3712 2511 prn

448 2524 557 2596 tali
611 2525 803 2600 facile
863 2528 1097 2601 haberi
1141 2528 1394 2626 possit3
1449 2525 1534 2599 de
1596 2538 1860 2613 cetero,
1915 2540 1988 2600 ut
2038 2529 2101 2599 in
2155 2554 2408 2626 genere
2462 2528 2653 2625 algae
2704 2527 2854 2600 illae
2905 2527 3229 2615 hirsutae,
3272 2532 3468 2608 variis
3498 2528 3712 2602 sordi÷

446 2642 576 2714 bus
631 2644 961 2733 obducta,
1017 2657 1087 2722 ut
1132 2645 1218 2721 de
1273 2642 1738 2725 Diatomaceis
1790 2645 1965 2717 illam
2016 2645 2533 2721 inhabitantibus
2587 2644 2677 2716 nil
2735 2644 2974 2724 dicam.

1441 3406 1588 3510 Π.
1696 3404 2715 3512 ULVACEAE.

1328 3678 1386 3762 Ι.
1486 3678 2498 3764 PHAEOSPOREAE
2592 3682 2844 3761 Thur.

1401 3861 1637 3937 XXV.
1725 3860 2558 3940 MACRocYSTIS
2617 3865 2758 3960 Ag.

754 4003 1020 4078 Omnes
1097 4004 1294 4099 hujus
1371 4007 1642 4102 generis
1719 4007 1804 4079 ab
1852 4008 2236 4080 auctoribus
2291 4005 2669 4104 descriptas
2723 4005 2994 4103 species
3049 4007 3231 4079 solas
3270 4033 3429 4082 esse
3490 4010 3712 4082 unius*

450 4123 892 4221 ejusdemque
969 4124 1223 4220 speciei
1277 4119 1546 4207 formas,
1603 4148 1729 4195 nec
1780 4123 2101 4221 specifice
2148 4127 2372 4222 itaque
2426 4123 2765 4208 diversas,
2815 4149 2966 4195 cum
3027 4122 3390 4196 contendat
3444 4123 3592 4197 Cel.
3640 4125 3708 4194 J.

449 4242 718 4313 Hooker
766 4239 986 4337 (Flor.
1029 4243 1366 4335 antarct.),
1427 4241 1532 4310 cui
1586 4238 1706 4313 has
1755 4242 2017 4341 plantas
2069 4244 2133 4313 in
2189 4243 2345 4312 vivo
2396 4239 2814 4313 examinandi
2858 4266 3186 4312 concessa
3240 4241 3358 4314 fuit
3401 4244 3708 4325 occasio,

454 4360 688 4443 nobiS,
767 4361 878 4455 qui
960 4355 1234 4429 easdem
1317 4358 1487 4429 inter
1560 4358 1856 4430 chartam
1941 4370 2190 4430 tantum
2276 4370 2796 4456 perscrutemur,
2865 4355 3291 4457 Phycologis
3361 4358 3708 4457 sequenda

451 4487 638 4548 esset
684 4477 911 4573 gravis
964 4475 1068 4544 illa
1128 4476 1521 4558 auctoritas,
1575 4477 1698 4548 nisi
1753 4501 2224 4574 quemcunque
2280 4487 2623 4549 auctorem
2679 4486 3059 4577 oporteret,
3111 4477 3541 4573 quamesuis
3582 4476 3708 4547 ob-

449 4593 941 4666 servationibus
1020 4603 1368 4663 assecutus
1421 4594 1505 4663 sit
1556 4594 1979 4691 opinionem,
2047 4618 2193 4665 eam
2272 4593 2555 4665 fideliter
2606 4618 3019 4691 proponere.
3127 4589 3463 4670 Quoniam
3516 4593 3712 4690 igitur

449 4709 648 4806 hujus
702 4710 972 4807 generis
1045 4708 1279 4780 multas
1327 4713 1595 4807 species
1648 4719 1805 4782 aere
1861 4706 2232 4782 exsiccatas
2285 4722 2353 4781 et
2409 4736 2494 4781 ex
2545 4709 2783 4781 iisdem
2833 4709 3000 4781 locis
3047 4712 3284 4782 iterum
3338 4712 3711 4806 iterumque

450 4839 771 4925 acceptas
822 4828 1321 4900 characteribus
1368 4840 1752 4899 constantes
1803 4830 2043 4912 inveni,
2098 4854 2199 4899 ex.
2254 4855 2352 4924 gr.
2404 4824 2509 4897 M.
2540 4828 2898 4925 pyril'eram
2935 4854 2974 4899 e
3014 4825 3258 4926 Capite
3287 4828 3511 4899 bonae
3534 4829 3712 4924 spei,

449 4942 554 5016 M.
613 4944 1130 5042 angustifoliam‚
1184 4944 1374 5016 caule
1429 4969 1703 5041 semper
1757 4946 2627 5043 complanato-compresso
2685 4946 3049 5042 insignem,
3109 4942 3215 5015 M.
3271 4942 3554 5017 Dfibeni
3595 4969 3712 5015 ve*

449 5063 677 5135 siculis
730 5065 869 5135 suis
920 5062 1249 5158 elongatis
1304 5061 1616 5134 donatam
1673 5089 1965 5160 semper,
2020 5089 2078 5135 0.
2132 5092 2185 5136 8.
2245 5066 2310 5135 in
2367 5064 2643 5147 ceteris,
2696 5061 2815 5134 has
2869 5064 3139 5159 species
3166 5061 3509 5135 distinctas
3549 5087 3712 5131 con-

451 5180 751 5253 siderare
797 5205 1035 5278 cogor,
1082 5205 1166 5250 ex
1219 5206 1304 5251 eo
1359 5183 1626 5252 minime
1681 5192 1897 5251 tamen
1927 5180 2344 5253 contendens
2371 5178 2521 5253 Cel.
2552 5177 2860 5252 Hookeri
2889 5176 3277 5279 opinionem
3302 5206 3458 5253 esse
3484 5177 3712 5250 falsam

3316 5296 3414 5371 47
