4984 6517
1287 566 1405 652 34

1381 781 1512 855 fert
1560 779 1835 854 aculeos
1893 777 2322 850 tenuissimos
2405 775 2676 848 strictos
2729 771 3071 870 simplices
3145 772 3430 870 stipatos
3482 765 3800 868 aequales
3851 763 4203 838 fulventes.
4304 759 4425 835 Pi-

1380 901 1527 974 leus
1578 898 2165 982 membranaceus,
2213 895 2462 978 tenuis,
2512 897 2694 962 5-8
2742 890 2850 963 lin.
2893 890 3097 977 latus,
3165 888 3594 973 orbicularis,
3666 884 3857 962 disco
3913 883 4247 983 depresso
4326 884 4418 954 ni·

1383 1021 1711 1118 gricante,
1764 1015 2063 1113 margine
2111 1023 2293 1086 arcte
2345 1009 2680 1094 involuto;
2756 1007 3055 1107 undique
3122 1008 3275 1107 pilis
3357 1007 3523 1080 laxis
3597 1001 4290 1089 flexuoso-cirrhosis,
4360 1003 4422 1074 in

1382 1139 1679 1236 margine
1754 1132 2214 1231 rigidioribus,
2271 1130 2574 1204 vestitus.
2712 1124 3057 1200 Lamellae
3134 1125 3603 1210 decurrentes,
3690 1134 4033 1209 armatae,
4105 1119 4426 1192 distantes

1383 1256 1593 1354 (haud
1643 1252 2109 1349 numerosae),
2161 1261 2517 1346 angustae,
2564 1260 2836 1332 tenues,
2892 1245 3103 1318 semel
3179 1246 3374 1320 bisve
3451 1242 3881 1316 dichotomae
3938 1239 4191 1340 (nullae
4238 1238 4392 1310 dnm

1383 1374 1666 1471 diatae),
1708 1366 2511 1470 repando-denticulatae.

1229 1532 1286 1595 6.
1394 1519 1472 1594 L.
1531 1518 1896 1619 (Cultum)
1946 1515 2365 1705 szssrzn.
2470 1513 2684 1589 Berk.
2739 1515 2828 1588 L.
2877 1524 3192 1588 crinitus.
3240 1512 3534 1587 Swartz.
3570 1557 3666 1570 -
3693 1511 3909 1587 Berk.
3941 1510 4016 1586 in
4039 1510 4234 1586 Ann.
4272 1506 4423 1583 Nat.

1356 1637 1542 1713 shist.
1602 1644 1783 1711 ⁴843.
1833 1645 1878 1707 t.
1931 1643 1990 1708 9.
2075 1690 2090 1705 .
2147 1643 2207 1706 2.

1484 1782 1567 1857 In
1613 1778 1918 1855 Antillis.
1977 1779 2310 1865 Swartz„
2362 1780 2666 1850 Benzon.

1491 1921 1627 1998 Hic
1680 1936 1784 1998 est
1841 1922 1980 2017 Ag.
2046 1917 2605 2022 Essequeboensis
2666 1916 2861 2021 Mey.
2930 1963 3023 1976 --
3083 1915 3270 2020 Syst.
3325 1915 3519 2020 Myc.
3573 1921 3631 1990 1.
3683 1944 3750 2016 p.
3805 1921 3958 2003 ⁴75,
4030 1942 4231 2017 quem
4290 1929 4425 1988 tum

1390 2047 1512 2120 rite
1566 2043 2056 2140 distinguebam
2105 2067 2143 2111 a
2186 2041 2275 2112 L.
2329 2049 2580 2112 crinito
2632 2036 2715 2112 L.
2777 2040 2852 2112 S.
2911 2040 3015 2110 M.
3070 2038 3112 2110 l.
3158 2066 3255 2123 c.,
3335 2040 3527 2134 cujus
3594 2039 3938 2136 specimen
3991 2062 4030 2108 a
4078 2032 4426 2107 Rolandro

1391 2164 1638 2237 lectum
1682 2158 1967 2233 Lundae
2023 2158 2177 2232 vidi.
2231 2202 2325 2213 —
2380 2154 2619 2231 Serius
2668 2154 3018 2256 Upsaliam
3083 2168 3317 2230 nactus
3372 2167 3441 2229 et
3484 2152 3699 2229 Herb.
3754 2151 4066 2228 Swartzii
4145 2155 4428 2228 lustrans

1393 2308 1554 2354 mox
1633 2280 1952 2380 perspexi
2031 2277 2437 2350 identitatem
2491 2276 2778 2348 Lentini
2852 2272 3373 2375 essequeboensis
3451 2300 3603 2347 cum
3683 2271 3771 2347 A.
3853 2277 4085 2347 crinito
4139 2273 4312 2358 Sua,
4364 2287 4431 2346 et

1396 2399 1595 2498 hujus
1648 2398 1780 2472 fide
1863 2394 1946 2469 L.
1996 2398 2228 2469 crinito
2314 2397 2379 2468 in
2463 2393 2696 2494 Epicr.
2751 2394 3264 2493 subjungebam.
3394 2389 3463 2465 A
3539 2393 3628 2464 L.
3681 2402 3931 2466 crinito
4007 2394 4208 2492 igitur
4261 2391 4430 2465 haec

1392 2545 1767 2622 synonyma
1817 2513 2252 2590 excludenda.

1235 2673 1294 2739 7.
1397 2662 1475 2738 L.
1536 2664 1900 2762 (Cnmrrr)
1953 2678 2516 2743 CHAETOLOMA,
2574 2654 2769 2756 pileo
2825 2654 3766 2730 coriaceo-membranaceo
3849 2654 4430 2730 infundibulisor·

1390 2780 1493 2856 mi
1539 2806 1586 2855 a
1644 2786 1896 2853 centro
1950 2774 2276 2878 glabrato
2323 2774 2649 2849 radiante
2705 2771 3395 2874 fulvo-ferrugineo,
3473 2773 3800 2876 margine
3878 2771 4065 2848 laevi
4148 2784 4432 2849 setoso·

1400 2898 1635 2974 ciliato
1656 2957 1674 2985 ,
1728 2895 1963 2996 stipite
2014 2892 2253 2968 solido
2324 2890 2610 2993 aequali
2684 2889 2981 2991 leproso
3046 2887 3383 2965 brunneo
3403 2950 3421 2978 ,
3505 2890 3807 2966 lamellis
3879 2891 4431 2968 decurrentibus

1398 3013 1843 3117 simplicibus
1899 3011 2323 3115 aequalibus
2372 3007 2719 3084 confertis
2771 3007 3254 3112 integerrimis
3304 3007 3606 3110 pallidis.

1500 3159 1625 3234 Ad
1666 3158 1862 3261 ligna
1905 3156 2193 3257 putrida
2237 3156 2332 3231 ad
2377 3155 2526 3231 San
2580 3157 2756 3231 loce
2788 3155 2865 3230 in
2913 3156 3131 3231 Costa
3179 3155 3377 3231 Rica.
3438 3144 3706 3232 O‘reted.

1495 3305 1850 3381 Prioribus
1897 3308 2190 3393 tenuior,
2242 3316 2464 3379 siccus
2492 3306 2888 3404 flaccidas,
2939 3331 3068 3378 nec
3115 3304 3620 3405 ligneo-rigens.
3725 3300 3961 3403 Stipes
4008 3328 4172 3375 vero
4217 3303 4431 3401 ligno-

1400 3453 1549 3514 sus,
1601 3440 1813 3512 teres,
1872 3426 2134 3497 unciam
2185 3423 2461 3522 longus,
2516 3425 2756 3497 lineam
2810 3450 3115 3509 crassus,
3169 3423 3402 3496 floccis
3452 3423 4021 3522 leproso-velatus
4077 3421 4237 3519 (nec
4288 3420 4430 3519 gla-

1401 3547 1559 3632 ber,
1603 3570 1733 3617 nec
1786 3541 2412 3641 setoso-hispidus).
2516 3540 2749 3614 Pileus
2798 3542 3137 3626 centralis,
3188 3543 3436 3627 tenuis,
3516 3552 3695 3613 totus
3767 3539 4099 3638 profunde
4150 3538 4432 3612 infundi-

1403 3662 1806 3748 bulisormis,
1857 3669 2174 3755 margine
2225 3686 2479 3759 quoque
2528 3675 2778 3741 erecto,
2830 3657 3066 3755 glaber
3109 3657 3411 3755 quidem,
3464 3657 3620 3744 sed,
3685 3660 3871 3756 quasi
3925 3684 3964 3731 e
4017 3657 4199 3730 fibris
4249 3661 4432 3731 inna-

1404 3785 1520 3870 tis,
1566 3808 1605 3854 a
1662 3778 1853 3852 disco
1910 3805 2147 3851 versus
2201 3779 2519 3851 ambitum
2575 3776 3196 3873 radiato-virgams‚
3250 3778 3427 3848 circa
3481 3778 3844 3875 marginem
3906 3777 4433 3876 setoso-pilosus

1406 3914 1477 3974 et
1525 3901 1678 3999 ipso
1727 3898 2025 3995 margine
2075 3895 2356 3996 pulchre
2407 3895 2967 3980 ciliato—setosus,
3046 3894 3568 3993 sesquiuncialis.
3684 3890 4025 3968 Lamellae
4082 3907 4155 3966 ut
4211 3920 4433 3994 supra.

1400 4016 1764 4091 Proximus
1815 4016 1903 4087 L.
1958 4031 2216 4099 tenero,
2264 4017 2378 4114 qui
2429 4015 2496 4086 in
2544 4012 2648 4085 his
2698 4012 3207 4086 collectionibus
3259 4012 3470 4086 deest.
3572 4009 3645 4085 A
3689 4013 3961 4112 reliquis
4036 4015 4266 4087 ciliatis
4319 4010 4433 4111 (L.

1407 4136 1623 4210 ciliato
1672 4137 1867 4221 Len„
1920 4136 2213 4233 setigero
2259 4133 2460 4217 Len„
2513 4127 2596 4202 L.
2648 4129 2953 4229 glabrato
3007 4133 3228 4203 Mont.
3272 4134 3432 4231 etc.)
3477 4131 3782 4231 pluribus
3826 4134 4000 4205 notis
4049 4113 4320 4205 recedit.

1406 4279 1437 4309 ⁴·
1478 4275 1563 4350 L.
1617 4273 2016 4375 (Lamum)
2070 4295 2473 4350 suanum.
2577 4271 2811 4374 Epicr.
2865 4301 2933 4373 p.
2987 4279 3126 4345 390.

1505 4410 1589 4486 L.
1643 4413 1862 4511 tigrini
1914 4423 2123 4485 status
2189 4410 2491 4510 degener
2539 4410 2745 4484 Berk.
2795 4410 2967 4482 Dec.
3010 4424 3199 4509 post.
3251 4434 3318 4479 n.
3372 4412 3464 4482 77
3517 4405 3726 4493 hunc,
3792 4406 4067 4481 lamellis
4124 4405 4434 4505 frequen-

1404 4546 1508 4608 ter
1562 4531 2247 4618 anastomosantibus,
2299 4532 2723 4629 potissimum
2769 4539 3050 4629 spectat.

1243 4678 1301 4742 8.
1409 4664 1486 4741 L.
1542 4665 1929 4768 (Lamum)
1974 4686 2610 4740 surmmsscsus.
2716 4662 2958 4763 Epicr.
3014 4685 3083 4762 p.
3140 4668 3282 4735 393.

1503 4800 1747 4899 Hujus
1798 4797 2236 4874 australioris
2283 4798 2558 4899 speciei
2603 4808 2864 4875 statum
2919 4795 3359 4883 deformem,
3408 4794 3651 4896 potius
3705 4817 3920 4895 quam
3975 4790 4293 4868 borealis
4349 4793 4434 4867 L.

1400 4922 1673 5024 lepidei,
1732 4917 1912 4993 sistit
1968 4904 2154 4992 Orat.
2201 4929 2285 4992 ic.
2334 4946 2401 4992 n.
2453 4927 2561 4994 42.

1502 5056 1629 5133 Ad
1685 5050 2331 5147 Quebradahonda
2377 5051 2454 5127 in
2507 5052 2726 5126 Costa
2777 5050 2976 5125 Rica.

1503 5189 1587 5265 L.
1641 5191 2119 5266 suffrutesceus
2170 5189 2615 5288 vegetationis
2659 5189 3030 5262 rationibus
3075 5185 3337 5286 (formis
3386 5185 3512 5260 illis
3557 5184 3739 5287 pileo
3796 5183 4157 5275 destitutis,
4229 5188 4434 5287 vulgo

1397 5313 1752 5387 Rumam
1808 5309 2203 5388 ceratoides
2274 5306 2466 5382 dietis
2533 5320 2602 5382 et
2651 5309 2784 5405 jam
2845 5334 2884 5379 a
2933 5303 3214 5380 Battara
3289 5306 3356 5379 in
3432 5305 3518 5379 L.
3573 5315 3835 5404 tigrim
3912 5305 4183 5407 pictis),
4263 5320 4438 5381 stru-
