4984 6517
462 2321 515 2388 1.

3275 434 3281 441 ¹
3397 499 3557 585 131

647 721 711 792 in
761 716 1044 813 ambitu)
1097 728 1424 803 connato,
1474 740 1604 789 nec
1653 713 1922 790 demum
1973 712 2367 801 secedente,
2420 714 2637 812 primo
2690 713 3108 788 subrotundo
3129 773 3148 803 ,
3200 714 3353 789 dein
3412 717 3476 788 in
3527 715 3674 815 pla-

643 858 767 934 gas
818 834 1016 921 latas,
1069 836 1273 936 vulgo
1330 835 1708 932 elongatae,
1761 843 2274 916 concrescente,
2329 830 2684 930 superficie
2736 832 3033 930 impolita
3086 858 3335 931 opaca,
3381 833 3676 935 perithe·

649 956 769 1027 ciis
797 955 1013 1053 magis
1058 954 1404 1053 elongatis,
1462 953 1718 1026 ostiolis
1769 949 2133 1049 depressis.
2241 948 2632 1050 Specimina
2679 951 2959 1049 copiosa
3017 951 3287 1039 adsunt,
3337 966 3404 1025 at
3454 954 3672 1026 omnia

642 1084 997 1159 evacuata,
1055 1082 1130 1145 ut
1176 1099 1262 1145 ne
1316 1097 1666 1170 sporarum
1744 1070 2027 1167 vestigia
2078 1067 2349 1167 quidem
2400 1068 2722 1167 detegere
2774 1070 3046 1142 licuerit.
3155 1068 3350 1145 Haec
3406 1072 3673 1170 species

642 1215 796 1263 cum
852 1191 946 1263 Η.
998 1191 1479 1274 nummulario,
1532 1189 1626 1262 H.
1678 1186 2143 1282 virgultorum
2195 1187 2471 1286 aliisque
2524 1214 2768 1260 novam
2800 1189 3130 1287 praebent
3177 1191 3417 1263 tribum
3466 1186 3672 1291 (An-

643 1306 1201 1412 thracinorum),
1259 1333 1432 1406 quae
1484 1334 1522 1378 a
1580 1303 1907 1379 Glebosis
1959 1304 2208 1391 differt,
2240 1317 2314 1377 ut
2343 1302 2620 1380 Effusae
2666 1333 2704 1379 a
2751 1306 3122 1405 pulvinatis.
3225 1303 3344 1380 Ob
3396 1318 3672 1406 vegeta-

639 1429 889 1500 tionem
935 1429 1313 1499 immersam
1367 1438 1637 1500 externa
1712 1423 1881 1497 facie
1944 1449 2166 1523 prope
2236 1421 2322 1494 ad
2388 1419 2765 1526 Diatrypes
2823 1423 3180 1509 accedunt,
3237 1424 3363 1498 sed
3411 1424 3670 1499 indoles

641 1548 912 1618 omnino
957 1541 1518 1646 Hypoxylorum,
1570 1555 1819 1615 stroma
1872 1543 2140 1615 omnino
2187 1544 2535 1642 proprium
2589 1543 3080 1615 carbonaceum
3130 1568 3258 1615 nec
3309 1571 3347 1615 a
3399 1546 3670 1617 matrice

637 1664 1026 1750 formatum,
1077 1690 1323 1762 sporae
1376 1664 1710 1736 obscurae
1760 1673 2063 1762 septatae
2116 1661 2415 1760 pulveris
2464 1663 2585 1733 atri
2636 1661 2841 1733 instar
2891 1659 3232 1760 explosae.

746 1803 986 1904 Longa
1039 1807 1250 1878 series
1334 1805 1713 1902 specierum
1773 1801 2058 1874 affinium
2134 1814 2265 1874 tam
2324 1800 2523 1899 hujus
2592 1803 2896 1900 generis,
2971 1827 3168 1900 quam
3244 1801 3669 1900 Diatrypes,

656 1923 934 2007 ναῖε-αα,
994 1921 1418 2005 Endothiae,
1494 1920 2100 2016 Melogrammatis
2154 1932 2281 1993 etc.
2332 1921 2396 1992 in
2449 1945 2594 2018 seq.
2650 1919 2808 1992 fasc.
2864 1918 3345 1992 describentur.
3447 1916 3523 1992 In
3568 1918 3668 1992 his

642 2067 808 2113 vero
865 2041 1374 2114 collectionibus
1429 2040 1645 2113 nullae
1701 2037 1958 2112 adsunt.

1560 2174 1924 2251 Nncmu..
2035 2173 2107 2247 S.
2162 2173 2350 2274 Veg.
2410 2172 2529 2247 Sc.

638 2313 722 2390 N.
781 2336 1300 2400 GORRUSGANS,
1356 2312 1585 2388 dense
1639 2314 1894 2415 stipata
1943 2312 2017 2387 in
2069 2311 2319 2416 plagas
2372 2312 2515 2387 late
2568 2313 2837 2388 effusas
2889 2313 3414 2416 superficialeS,
3469 2314 3668 2390 subi-

642 2431 808 2506 culo
859 2430 1092 2517 nulle,
1146 2429 1559 2531 peritheciis
1613 2432 1837 2506 firmis
1890 2429 2221 2533 globosis
2277 2430 2605 2506 laevibus
2661 2433 3060 2520 coccineis,
3121 2432 3385 2508 ostiolo
3441 2434 3666 2510 obso-

642 2551 822 2637 leto,
882 2550 1178 2623 demum
1232 2548 1557 2648 collapso
1604 2548 2038 2623 umbilicato.

738 2689 865 2766 Ad
914 2697 1211 2763 truncos
1261 2688 1592 2788 putridos
1643 2689 1717 2765 in
1772 2691 2062 2765 Guinea
2115 2691 2292 2790 Afz.
2346 2702 2430 2765 ic.
2483 2698 2584 2766 31.

736 2832 981 2907 Dense
1030 2847 1389 2934 congesta,
1436 2862 1626 2908 more
1678 2834 1848 2936 Sph.
1883 2836 2202 2937 pulveris
2239 2845 2451 2937 pyr-ii
2502 2835 2541 2906 l.
2574 2835 3066 2935 pulveraceae,
3140 2847 3208 2906 at
3260 2839 3324 2909 in
3374 2834 3666 2910 maculas

642 2955 851 3052 magis
904 2952 1246 3051 regulares
1307 2954 1668 3053 disposita,
1738 2953 1967 3026 colore
2020 2955 2343 3025 coccineo
2418 2980 2837 3026 corruscans.
2947 2952 3263 3027 Ceterum
3316 2955 3408 3027 N.
3460 2957 3666 3027 Pezi-

645 3100 765 3144 zae
827 3074 1165 3170 proxima,
1221 3071 1345 3145 sed
1398 3074 1643 3156 minor,
1716 3070 1995 3157 firmior,
2049 3073 2195 3145 basi
2256 3074 2524 3147 omnino
2577 3071 2828 3168 glabra.
2934 3068 3269 3147 Ostiolum
3316 3073 3665 3173 pallidum,

647 3192 890 3289 passim
934 3189 1213 3288 globulo
1266 3190 1504 3262 villoso
1578 3189 1730 3260 albo
1793 3191 1999 3261 instar
2057 3189 2152 3262 .N.
2209 3190 2506 3261 Pezizae
2574 3191 2920 3286 villiferae
2984 3204 3393 3264 coronatum.
3493 3189 3665 3265 Asci

652 3322 717 3382 et
764 3335 1012 3408 sporae
1068 3309 1435 3408 simplices,
1485 3308 1847 3407 globosae,
1895 3306 2304 3408 pellucidae,
2356 3304 2772 3409 Hypocreae
2816 3310 3241 3406 gelatinosae
3286 3309 3550 3384 similes.

1543 3481 1958 3556 SPnAEmA.
2069 3480 2140 3554 S.
2193 3480 2377 3583 Veg.
2432 3481 2548 3555 Sc.

648 3623 713 3696 S.
768 3622 1217 3723 (BYSSISED.)
1268 3647 1764 3712 LEPRANTEA,
1815 3622 2229 3725 peritheciis
2290 3621 3236 3726 hemisphaerica-g!{illusis
3304 3626 3668 3726 congestis

649 3741 1115 3843 colmatisque
1167 3741 1495 3816 laevibus
1547 3742 1816 3843 glabris
1869 3742 2075 3830 atriS,
2160 3740 2496 3817 subiculo
2555 3746 3212 3842 {lorcam-leproso
3272 3746 3664 3818 fuson-atro

650 3857 1028 3959 impositiS,
1079 3858 1343 3934 ostiolo
1394 3859 1913 3960 papillaesormi
1963 3860 2037 3934 in
2079 3860 2328 3935 areola
2363 3861 2631 3934 minuta
2675 3862 3204 3962 sulmmrginata
3236 3862 3664 3962 prfflninulfl-

729 4002 858 4079 Ad
912 4004 1222 4078 cortices
1276 4003 1607 4103 dejectos
1655 4004 1729 4078 in
1778 4004 1984 4080 insul.
2040 3968 2386 4081 Nikdbar.
2496 4010 2931 4079 sudarem.

736 4139 1030 4216 Habitus
1080 4142 1248 4243 Sph.
1300 4144 1574 4242 aquilae
1621 4154 1733 4214 aut
1793 4145 2018 4242 potius
2052 4144 2240 4246 Sph.
2295 4150 2915 4242 mammfflffnrmir,
2999 4150 3115 4218 sunl
3176 4150 3264 4218 nh
3308 4150 3668 4246 perid-secia

651 4286 851 4360 saepe
908 4262 1264 4334 acervatim
1314 4274 1595 4334 connata
1648 4289 1801 4334 cum
1849 4262 1922 4334 S.
1973 4273 2409 4338 incrustante
2433 4270 2851 4363 polis-sianum
2907 4270 3372 4366 rumpnrfflnlfl.
3480 4266 3664 4338 Parri-

649 4377 852 4451 thecia
906 4381 1108 4477 igitur
1156 4381 1327 4452 inter
1377 4366 1630 4478 majora
1681 4382 1949 4478 generis
2004 4393 2071 4453 et
2122 4383 2207 4455 ab
2259 4382 2567 4454 omnibus
2625 4388 2851 4454 vicinis
2911 4386 3216 4458 differunt
3284 4390 3500 4458 areola
3576 4390 3668 4458 in—

653 4508 781 4568 star
823 4497 920 4569 H.
977 4493 1154 4568 obesi
1203 4510 1272 4570 et
1320 4497 1646 4570 annulati
1677 4501 1868 4593 ‚circa
1913 4499 2257 4585 ostiolum3
2307 4499 2476 4571 haec
2523 4529 2683 4570 reru
2739 4506 2959 4574 :in-vulzi
3031 4506 3228 4603 lunga
3308 4510 3520 4578 :nimir
3572 4522 3668 4578 est

655 4617 1078 4714 margineque
1135 4615 1417 4688 tenuiori
1472 4617 1684 4689 minus
1714 4618 2088 4715 prominulo
2129 4619 2372 4703 cincta,
2422 4642 2619 4716 quam
2670 4621 2735 4692 in
2781 4624 3142 4719 speciebus
3198 4625 3428 4695 citatis.
3533 4621 3675 4696 Su·-

656 4732 934 4805 biculum
985 4760 1118 4806 non
1168 4735 1885 4835 byssino-expansum,
1938 4734 2061 4808 sed
2113 4734 2839 4835 floccoso-leprosum,
2900 4741 3368 4839 interruptum,
3447 4739 3674 4841 dispa-

651 4875 823 4936 rens,
899 4852 1208 4952 primitus
1285 4879 1449 4925 vero
1527 4850 1893 4951 perithecia
1948 4853 2301 4951 obtegens.
2428 4852 2600 4928 Asci
2647 4857 2850 4956 longe
2903 4858 3313 4956 pedicellati,
3379 4858 3667 4933 clavato-

655 4967 957 5054 lineares;
1012 4995 1261 5067 sperae
1315 4971 1681 5068 ellipticae‚
1732 4970 2101 5069 simpliceS,
2145 4970 2499 5045 obscurae.

476 5106 538 5179 9..
649 5109 715 5184 S.
768 5111 1167 5212 (Panos.)
1223 5134 1619 5188 Pm'rusu:
1676 5110 1784 5208 (S.
1838 5108 1933 5183 M.
1992 5112 2060 5183 2.
2116 5137 2186 5212 p.
2242 5111 2425 5216 464)
2478 5109 2728 5195 affinis.

740 5226 1037 5305 Mexico
1091 5229 1187 5303 ad
1240 5228 1585 5305 Mirador.
1693 5226 2046 5353 Lfebman.
