4984 6517
1692 1599 2422 1718 SYMBOLAE

924 1825 1068 1914 AD
1127 1824 1345 1916 REM
1416 1824 2022 1918 NUMARIAM
2086 1817 3228 1916 MUHAMMEDANORUM.

1551 2054 1642 2104 Ex
1689 2053 1922 2105 Mussso
1967 2051 2181 2105 immo
2225 2048 2606 2102 Romulius!

1950 2257 2209 2299 81³1an

1016 2407 1612 2477 GAROLUS
1670 2408 2349 2478 Jonauuns
2402 2408 3131 2478 'rollannus‘-

442 2975 712 3105 Quam
761 3006 837 3080 in
864 3006 1097 3105 prima
1143 3005 1362 3107 huJus
1412 3009 1824 3111 scriptionis
1873 3021 2078 3111 parte
2132 3036 2341 3112 spem
2387 3009 2877 3096 ostenderam,
2934 3033 3117 3083 mox
3168 3008 3330 3084 fore
3392 3018 3469 3085 ut
3516 3010 3711 3087 thes-

440 3150 666 3201 auros
697 3123 880 3226 regii
920 3122 1467 3225 numophylacii
1505 3125 1927 3203 holmiensis
1957 3129 2236 3203 cuficos
2268 3128 2343 3203 in
2379 3127 2618 3202 lucem
2655 3126 2978 3214 ederem,
3034 3150 3197 3200 eam
3250 3126 3457 3202 citius
3494 3129 3709 3203 etiam

442 3268 663 3345 quam
707 3249 1310 3339 exspectaveram
1358 3242 1452 3317 ad
1505 3244 1784 3319 exitum
1836 3244 2264 3345 perductam
2302 3244 2453 3318 vidi
2475 3248 2546 3343 ¹).
2648 3242 3311 3319 Verumenimvero
3359 3244 3712 3344 quemad-

439 3358 751 3433 modum
778 3356 852 3431 in
890 3357 1065 3446 aliis,
1119 3384 1308 3459 quae
1360 3362 1543 3435 mari
1565 3360 1831 3436 baltico
1885 3360 2242 3459 adjacent,
2296 3360 2529 3451 terriS,
2579 3360 2686 3435 sic
2737 3360 2812 3434 in
2860 3360 3125 3435 Suecia
3176 3369 3473 3434 moneta
3522 3360 3713 3435 Ara-

442 3474 639 3562 bum,
726 3485 1039 3575 quatuor
1113 3476 1419 3574 Hidjrae
1470 3478 1738 3553 seculis
1812 3478 2062 3578 primis
2127 3503 2465 3578 procusa,
2549 3478 2893 3552 continue
2973 3477 3352 3563 invenitur,
3435 3484 3507 3551 et
3560 3501 3710 3576 quo

439 3591 677 3695 magis
731 3591 1043 3691 pretium
1099 3596 1261 3691 eJus
1316 3602 1389 3667 et
1434 3593 1543 3669 vis
1596 3593 1690 3668 ad
1743 3593 2115 3669 historiam
2166 3594 2391 3670 medii
2434 3595 2597 3669 aevi
2647 3592 3142 3669 illustrandam
3194 3593 3713 3668 numismaticis

438 3709 682 3785 indies
707 3708 1154 3795 illucescunt,
1186 3734 1279 3783 eo
1320 3716 1599 3808 majore
1631 3710 1899 3785 ardore
1935 3721 2152 3811 atque
2185 3711 2551 3813 diligentia
2572 3709 2760 3785 haec
2781 3709 3213 3811 antiquitatis
3239 3717 3715 3784 monumenta

438 3826 819 3928 sacrilegis
873 3826 1275 3926 eripiuntur
1348 3827 1704 3914 manibus
1788 3853 1977 3928 quae
2054 3837 2266 3902 antea
2321 3827 2753 3902 ilmnensam
2832 3851 3092 3902 eorum
3157 3825 3708 3913 multitudinem,

440 3969 611 4018 cum
643 3967 912 4045 magno
944 3943 1288 4018 scientiae
1315 3943 1770 4030 detrimento,
1827 3945 1976 4047 igni
2005 3955 2078 4021 et
2107 3944 2389 4019 fornaci
2416 3941 2874 4018 damnabant.
2981 3948 3152 4037 Quo
3182 3942 3448 4018 factum
3477 3952 3605 4030 est,
3635 3952 3714 4017 ut

440 4059 571 4135 vix
615 4067 931 4160 quatuor
956 4061 1127 4134 anni
1156 4061 1659 4160 praeterierint
1705 4071 1874 4161 post
1901 4060 2171 4136 editam
2218 4088 2262 4136 a
2286 4087 2405 4136 me
2462 4085 2853 4136 numorum
2884 4060 3120 4135 musei
3148 4059 3331 4161 regii
3357 4058 3712 4135 holmien-

440 4177 541 4253 sis
597 4177 1010 4252 cuficorum
1038 4177 1569 4265 recensionem,
1624 4202 1850 4277 quum
1904 4176 2092 4252 hanc
2139 4177 2652 4253 collectionem
2683 4176 3142 4279 splendidam
3180 4176 3373 4252 adeo
3426 4186 3713 4251 auctam

436 4294 799 4381 viderem,
850 4303 929 4368 ut
982 4318 1255 4394 operae
1306 4293 1616 4393 pretium
1671 4319 1791 4369 me
1843 4294 2201 4370 facturum
2251 4319 2416 4369 esse
2471 4294 2877 4382 crederem,
2940 4295 3003 4370 si
3052 4294 3494 4369 incrementa
3549 4295 3712 4391 ejus

438 4412 846 4487 novissima
893 4411 1000 4485 rei
1052 4411 1426 4486 numariae
1480 4411 1847 4486 orientalis
1902 4410 2349 4486 amatoribus
2398 4412 2868 4511 impertirem.
2969 4411 3037 4485 E
3088 4408 3302 4484 variis
3340 4408 3535 4484 enim
3584 4434 3711 4510 pa-

438 4529 623 4604 triae
675 4527 1103 4631 regionibus
1153 4528 1317 4629 plus
1373 4526 1653 4602 MDCC
1700 4531 1994 4603 din-hemi
2045 4529 2233 4604 allati
2287 4538 2360 4604 et
2419 4529 2686 4604 coemti
2736 4529 2808 4604 in
2860 4552 3198 4603 museum
3249 4525 3534 4630 regium
3586 4551 3712 4601 ve·

440 4656 732 4733 nerunt,
802 4671 992 4746 quos
1072 4646 1262 4720 inter
1336 4645 1538 4720 multi
1621 4646 1968 4721 rarissimi
2046 4656 2120 4721 et
2197 4644 2392 4721 haud
2443 4646 2660 4747 pauci
2734 4646 2985 4720 inediti
3056 4644 3456 4720 intererant
3533 4667 3712 4720 sane

440 4761 869 4865 dignissimi,
919 4761 1043 4865 qui
1093 4762 1184 4837 ab
1239 4761 1497 4838 harum
1546 4787 1794 4837 rerum
1847 4761 2156 4837 curiosis
2206 4769 2858 4864 cognoscerentur.

654 5039 701 5099 1)
738 5033 904 5083 Naum·
936 5031 1089 5099 culici
1123 5036 1243 5097 regii
1282 5035 1657 5096 numophylacii
1712 5036 2015 5095 holmiensis,
2080 5050 2208 5096 quos
2245 5050 2418 5086 omnes
2459 5039 2510 5085 in
2563 5042 2694 5085 terra
2729 5035 2938 5084 Suet-iae
2976 5040 3196 5095 repertos
3232 5032 3433 5094 digessit
3468 5039 3516 5081 et
3554 5034 3714 5080 inter-

444 5130 674 5184 pretatus
710 5129 784 5170 cst
820 5120 873 5169 C.
910 5120 956 5168 J.
994 5120 1284 5168 'sons-nne.
1356 5118 1587 5180 Upsaliae
1632 5117 1771 5168 1848.
1808 5118 1908 5179 Qu.

3316 5210 3415 5283 30
