4984 6517
3402 527 3583 615 365

410 737 812 835 plerumque
877 737 944 807 in
1015 736 1502 834 speciminibus
1542 740 1956 837 capensibus
1999 749 2068 811 et
2120 737 2451 814 interdum
2501 738 2642 813 sere
2692 739 2897 839 2-plo
2952 740 3255 838 longiora
3308 743 3401 837 (in
3455 743 3682 842 planta

406 851 1090 949 Novo-Zelandica),
1167 853 1424 927 inferne
1507 856 1684 928 nuda
1766 857 1806 928 l.
1880 854 2309 929 solummodo
2383 855 2669 930 residuis
2742 883 3078 929 ramorum
3135 859 3681 958 ramulorumque

406 971 682 1055 scabra,
736 968 1539 1068 decomposito-ramosa.
1647 971 1848 1045 Rami
1898 974 2269 1071 ramulique
2324 973 2474 1045 basi
2518 974 2919 1073 plerumque
2964 975 3159 1062 nudi,
3211 1003 3506 1075 superne
3550 979 3680 1049 cir·

405 1089 928 1186 cumscriptione
1003 1088 1583 1188 lineari-oblongi,
1658 1090 2048 1189 ibidemque
2095 1091 2315 1189 pinnis
2371 1089 2510 1164 fere
2556 1090 2852 1190 undique
2907 1094 3066 1191 (nec
3121 1111 3196 1164 ut
3244 1096 3308 1164 in
3363 1090 3681 1192 Sphace-

403 1205 562 1278 laria
615 1208 926 1303 scoparia
986 1208 1256 1278 omnino
1312 1204 1612 1281 distichis
1664 1208 1958 1307 indeque
2012 1208 2328 1281 ramentis
2369 1208 2604 1281 melius
2656 1208 2878 1281 forsan
2919 1209 3372 1308 appellandis)
3408 1210 3679 1309 egredi·

405 1325 706 1409 entibus,
783 1322 1129 1422 adpressis
1204 1324 1495 1398 obsessi.
1627 1323 1887 1399 Pinnae
1962 1324 2307 1423 simplices
2365 1325 2405 1396 l.
2461 1350 2640 1397 nunc
2717 1326 2987 1424 pinnula
3041 1353 3168 1398 una
3228 1329 3520 1400 alterave
3577 1330 3678 1401 in-

403 1453 733 1528 structae,
778 1466 958 1514 nunc
1011 1441 1499 1539 subpinnatae,
1551 1468 1705 1516 cum
1754 1444 2044 1542 pinnulis
2097 1443 2485 1540 elongatae,
2538 1444 2734 1541 apice
2777 1444 3535 1531 subulam-attenuatae,
3563 1460 3679 1518 su-

407 1561 714 1658 periores
771 1557 1234 1657 sphacelatae,
1311 1561 1605 1633 articulis
1655 1559 1982 1634 diametro
2036 1562 2238 1659 2-plo
2295 1561 2721 1633 brevioribus
2775 1573 3202 1633 constructae
3258 1604 3355 1618 —
3409 1562 3679 1635 Fructi:

407 1675 786 1748 Glomeruli
842 1701 880 1748 e
934 1675 1060 1748 filis
1122 1679 1436 1763 ramosis,
1517 1677 1775 1752 cellulis
1832 1678 2229 1750 diametrum
2308 1675 2722 1774 longitudine
2783 1678 3426 1775 subsuperantibuS,
3483 1681 3682 1751 ramis

405 1795 601 1891 apice
654 1793 927 1866 clavatis
1007 1804 1077 1867 et
1153 1793 1443 1881 falcatis,
1512 1797 1886 1893 compactis
1939 1797 2341 1881 constructi;
2399 1792 2839 1891 hologonidia
2883 1796 2948 1865 in
3006 1793 3129 1867 filis
3179 1794 3468 1867 lateralia
3523 1795 3561 1866 l.
3614 1797 3679 1868 in

407 1936 642 1985 eorum
721 1911 1067 2010 apicibus,
1157 1937 1337 1984 nunc
1411 1914 1704 1999 sessilia‚
1757 1939 1935 1986 nunc
1989 1912 2424 2012 pedicellata,
2474 1910 2767 2009 elliptica
2820 1912 2857 1982 Ι.
2910 1912 3297 2010 sphaerica,
3351 1913 3679 1986 diametro

406 2029 651 2126 pinnae
705 2027 745 2099 l.
795 2025 1112 2127 pinnulae
1162 2029 1366 2127 2-plo
1422 2031 1840 2127 angustiora,
1886 2032 2052 2103 intra
2107 2030 2560 2129 perisporium
2614 2028 2953 2128 hyalinum
3008 2031 3448 2103 substantiam
3521 2056 3678 2129 gra-

405 2145 710 2219 nulosam
752 2144 1062 2219 foventia.

720 2277 788 2352 A
838 2266 1280 2380 Sphacelaria
1340 2283 1686 2379 scoparia,
1738 2307 1892 2354 cum
1948 2307 2116 2380 qua,
2162 2283 2288 2354 nisi
2341 2280 2543 2354 valde
2591 2281 2801 2364 fallor,
2856 2293 2924 2355 et
2984 2308 3196 2380 saepe
3248 2281 3527 2355 confusa
3563 2279 3681 2352 suit

408 2410 477 2469 et
526 2396 720 2471 facile
775 2396 1221 2483 confunditur,
1269 2397 1486 2471 differt
1539 2401 1812 2471 omnino
1865 2400 2360 2472 ramificatione.
2415 2396 2677 2473 Pinnae
2708 2400 3159 2497 pinnulaeque
3185 2401 3247 2471 in
3277 2401 3380 2472 illa
3411 2402 3680 2496 spinae-

405 2513 690 2599 l'ormes‚
742 2526 1085 2614 patentes,
1140 2514 1495 2603 distantes,
1549 2516 1833 2590 distiche
1887 2528 2246 2602 exeuntes3
2298 2517 2361 2588 in
2392 2515 2522 2589 hac
2548 2530 2776 2589 contra
2810 2530 2966 2589 sunt
2992 2520 3263 2589 omnino
3291 2517 3682 2615 adpressae,

406 2634 884 2719 densissimae,
937 2633 1233 2731 undique
1286 2638 1515 2732 potius
1546 2661 1744 2733 quam
1780 2635 2062 2707 distiche
2100 2645 2447 2719 exeuntes,
2500 2646 2573 2704 ut
2620 2647 2913 2706 ramenta
2947 2637 3174 2733 potius
3211 2661 3409 2734 quam
3440 2637 3681 2733 pinnae

408 2753 863 2852 pinnulaeque
917 2754 1048 2825 sint
1106 2751 1578 2840 nominandae,
1628 2765 1955 2851 utraeque
2009 2753 2363 2849 elongatae
2394 2777 2524 2824 nec
2553 2751 3075 2849 spinaeformes3
3128 2753 3285 2826 inde
3325 2756 3389 2824 in
3422 2749 3679 2849 Sphac.

409 2873 724 2969 scoparia
771 2872 1061 2968 plumosi
1114 2882 1268 2942 sunt
1318 2872 1580 2956 ramuli,
1632 2875 1693 2941 in
1739 2881 1967 2943 nostra
1995 2883 2246 2956 autem,
2286 2872 2507 2968 p'innis
2536 2870 2962 2968 pinnulisque
2989 2870 3371 2969 adpressis,
3409 2881 3680 2943 teretes.

408 3031 505 3045 —
563 2987 887 3086 Sphacel.
941 2988 1359 3085 paniculatae¹
1415 3016 1457 3059 v
1514 2986 1723 3061 Suhr.
1778 2987 1920 3089 (Ρ)
1980 2988 2049 3059 J.
2104 2988 2245 3083 Ag.
2296 3017 2472 3089 spec.
2523 3014 2679 3082 gen.
2732 2999 2781 3059 A.
2824 3015 2906 3086 p.
2959 2995 3050 3061 56
3120 2989 3322 3085 longe
3403 2987 3677 3086 quidem

403 3106 664 3179 affinior
712 3118 819 3179 est
866 3118 935 3179 et
987 3107 1214 3179 sterile
1268 3106 1498 3179 forsan
1551 3105 1866 3203 distingui
1919 3126 2056 3178 non
2109 3118 2360 3205 potest.
2465 3104 2765 3178 Fructus
2813 3106 2985 3178 illius
3038 3132 3176 3179 sec.
3227 3108 3302 3179 J.
3352 3106 3495 3200 Ag.
3546 3105 3590 3176 l.
3620 3129 3677 3175 c.

403 3236 474 3298 et
549 3227 899 3322 specimen
971 3249 1316 3310 mancum,
1383 3223 1571 3322 quod
1645 3249 1876 3297 coram
1930 3223 2144 3295 oculis
2192 3223 2452 3308 habeo,
2505 3223 2727 3294 «inter
2771 3224 3011 3320 pinnas
3073 3222 3561 3320 (sphacelatas)
3609 3223 3680 3292 in

402 3342 595 3415 axilla
672 3341 1228 3440 3-4-aggregati,
1303 3340 1644 3439 pedicello
1713 3343 1894 3414 tenui
1945 3343 2246 3438 ipsarum
2306 3339 2723 3437 longitudine
2777 3337 3063 3425 suffulti,
3113 3340 3482 3438 sphaerici,
3536 3337 3678 3409 dia-

402 3471 621 3533 metro
672 3461 942 3557 pinnam
1019 3471 1478 3557 superante».
1509 3514 1568 3530 ..
1599 3470 1760 3543 etc„
1815 3483 1968 3530 cum
2027 3457 2355 3531 fructibus
2422 3469 2697 3530 nostrae
2747 3457 3047 3556 plantae,
3104 3456 3676 3530 fructificationem

406 3575 857 3676 Cladostephi
909 3577 1050 3652 sere
1103 3578 1442 3661 habentis,
1524 3602 1607 3649 ne
1661 3578 1724 3647 in
1781 3578 2051 3649 minimo
2104 3574 2377 3673 quidem
2431 3576 2810 3674 comparari
2868 3586 3177 3672 possunt.
3284 3570 3679 3671 Specimina

401 3692 1059 3780 Novo-Zelandica,
1128 3722 1165 3767 a
1215 3693 1362 3768 Cel.
1416 3691 1699 3793 Harvey
1748 3695 2018 3765 nomine
2072 3690 2249 3791 Sph.
2298 3693 2720 3789 paniculatae
2774 3691 3107 3763 benevole
3160 3693 3682 3775 communicata,

406 3811 491 3885 ad
542 3826 841 3885 nostram
891 3814 1184 3912 plantam
1238 3814 1511 3885 omnino
1561 3813 1918 3910 pertinent.
2029 3807 2217 3889 Quid
2264 3812 2351 3882 sit
2400 3806 2660 3908 Sphac.
2691 3806 3074 3881 hordeacea
3108 3809 3335 3881 Hoerv.
3365 3818 3438 3879 in
3470 3805 3680 3877 Hook.

399 3932 499 4003 Ic.
556 3928 815 4015 Plana,
848 3933 1218 4014 nescimus3
1265 3926 1440 4028 Sph.
1496 3929 1911 4028 paniculatae
1963 3953 2394 4028 synonymon
2449 3927 2611 4000 fecit
2657 3926 2728 3997 J.
2776 3926 2916 4020 Ag.
2971 3925 3015 3996 l.
3068 3952 3159 4011 c.,
3207 3925 3393 4024 quod
3447 3950 3680 3997 verum

403 4061 511 4122 est
589 4051 733 4121 sine
809 4049 1054 4134 dubio,
1135 4074 1288 4120 cum
1340 4050 1668 4146 suspicari
1729 4048 1958 4132 liceat,
2008 4048 2376 4144 specimina
2425 4044 2535 4116 illa
2584 4042 2772 4117 Nov.
2830 4041 3052 4129 Zeel.,
3103 4070 3140 4115 a
3197 4042 3345 4117 Cel.
3399 4039 3681 4141 Harvey

399 4168 673 4239 nomine
721 4162 896 4265 Sph.
940 4167 1357 4266 paniculatae
1412 4165 1600 4251 data,
1646 4191 1803 4239 esse
1855 4175 2050 4237 antea
2083 4164 2169 4236 ab
2202 4189 2288 4236 eo
2329 4163 2575 4235 dictam
2609 4160 2784 4261 Sph.
2814 4160 3296 4248 hordeaceam,
3340 4161 3396 4233 si
3432 4183 3679 4258 nempe

402 4310 489 4357 ex
541 4283 699 4357 loco
753 4286 1094 4381 conjicere
1146 4310 1270 4382 par
1321 4287 1422 4357 sit.

814 4453 882 4527 2.
968 4451 1517 4529 Spmcunm
1573 4451 2209 4551 (Summanos)
2266 4472 2672 4526 smcmEnA
2727 4449 3013 4523 Aresch.

711 4583 970 4660 Thallo
1026 4598 1332 4684 stuposo
1390 4586 1813 4672 multicauli,
1868 4586 2008 4660 filis
2058 4583 2342 4660 inferne
2368 4583 2729 4659 subnudis
2779 4577 3680 4681 decomposito·ramosis,

407 4703 629 4777 ramis
706 4701 1146 4803 ramulisque
1224 4704 1896 4805 circumscriptione
1968 4700 2764 4803 lanceolam-oblongis
2829 4698 3065 4801 pinnis
3138 4697 3683 4797 approximatas

403 4819 835 4923 gerentibus
851 4856 870 4907 ,·
919 4820 1154 4921 pinnis
1207 4820 1656 4920 simplicibus
1708 4822 1750 4897 l.
1809 4821 2198 4922 pinnulatis
2252 4819 2719 4921 pinnulisque
2773 4814 3240 4892 subdistichis
3270 4814 3682 4915 patentibus

403 4938 800 5035 elongatis,
877 4937 1231 5039 geniculis
1298 4938 1670 5027 obscuris,
1751 4938 1985 5013 fructu
2045 4939 2121 5013 in
2174 4937 2394 5012 axilla
2446 4936 2907 5038 pinnularum
2966 4933 3455 5033 glomerulum
3510 4932 3683 5008 sub-

400 5054 885 5156 sphaericum'
946 5056 1454 5143 constituente,
1536 5056 1960 5152 glomerulis
2036 5054 2520 5158 hologonidia
2585 5052 3282 5159 oblongo-obovata
3335 5078 3378 5128 e
3427 5076 3688 5153 sporo·

404 5173 644 5274 phoro
700 5180 946 5248 erecta
998 5173 1427 5249 densissime
1463 5174 1719 5276 stipata
1773 5173 2210 5249 foventibus

1352 5299 1361 5307 '
3287 5289 3388 5363 48
