4984 6517
1361 621 1531 708 352

1245 837 1451 922 latae,
1506 833 1633 908 sed
1688 859 1899 934 saepe
1954 830 2440 929 semipollicem
2494 828 2837 904 latitudine
2890 844 3290 931 aequantes,
3344 833 3639 929 margine
3693 857 3819 929 per
3863 832 4059 930 longa
4095 833 4312 930 spatia
4345 856 4525 903 nunc

1245 956 1541 1053 integra,
1592 977 1772 1025 nunc
1820 947 2395 1023 lacero-dentatae
2445 949 2484 1020 l.
2539 947 2680 1022 sere
2726 949 3122 1048 regulariter
3167 948 3508 1036 dentatae,
3558 962 3626 1023 et
3673 952 3923 1021 cumin
3965 953 4262 1048 margine
4291 963 4432 1022 tum
4457 951 4523 1021 in

1246 1075 1403 1172 ipso
1480 1070 1672 1144 disco
1745 1067 2302 1168 prolificationes,
2350 1066 3077 1166 subpenicillil‘ormiter
3127 1078 3521 1167 congestas,
3571 1079 3922 1166 gerentes3
3995 1068 4527 1167 prolificationes

1246 1191 1486 1263 lineam
1536 1190 1802 1262 circiter
1855 1186 2060 1274 altae,
2106 1183 2533 1285 pinnatifido-
2586 1186 2625 1257 l.
2672 1185 3376 1271 multifido-ramosae,
3452 1188 3650 1259 ramis
3710 1185 4299 1260 lineari-teretibus
4355 1188 4524 1260 sub-

1250 1305 1973 1381 aculeolato-dentatis.
2115 1301 2583 1403 Sporocarpia
2673 1303 2966 1403 denique
3044 1330 3220 1404 poro
3303 1316 3578 1404 pertusa
3662 1305 4153 1402 semiglobosa‚
4237 1305 4526 1390 obtusa,

1249 1452 1377 1525 per
1430 1425 1692 1499 discum
1748 1450 2004 1523 sparsa.
2104 1420 2415 1496 Nucleus
2470 1448 2632 1496 vere
2684 1423 2995 1496 evolutus
3049 1434 3259 1494 totum
3319 1423 3837 1521 sporocarpium
3891 1423 4182 1522 replens.

1653 1613 1722 1685 4.
1810 1611 2311 1685 Gascmuua
2367 1629 2890 1684 sentimum
2941 1607 3224 1681 Arm-h.

1552 1760 1814 1836 Thallo
1860 1760 2070 1835 tereti
2122 1757 2947 1861 carnoso-cartilagineo
2988 1757 3272 1859 apicem
3324 1782 3584 1833 versus
3642 1758 3912 1834 sensim
3946 1767 4312 1833 attenuato
4342 1782 4518 1831 acu-

1244 1883 1455 1958 leolis
1508 1878 1956 1956 brevissimis
2008 1875 2441 1953 acutissimis
2492 1876 2885 1952 incurvatis
2939 1875 3209 1977 sparsis
3264 1875 3586 1978 undique
3641 1875 3955 1952 obsesso
4014 1899 4344 1962 ramoso,
4401 1900 4520 1949 ra·

1245 2000 1384 2075 mis
1433 1994 2396 2098 decomposito-ramulosiS,
2462 1994 2758 2070 ramulis
2810 1992 3550 2096 patenti-suberectis,
3602 1993 4107 2095 superioribus
4158 1990 4518 2067 filiformi-

1248 2116 1732 2219 capillaribus.

1551 2268 1675 2344 Ad
1732 2292 1938 2342 oram
1988 2263 2242 2341 Novae
2278 2265 2716 2341 Hollandiae
2769 2265 3354 2354 meridionalem,
3409 2265 3483 2341 in
3535 2264 3696 2341 sinu
3751 2266 3932 2340 Port
3977 2266 4365 2342 Adelaide.

1551 2423 1784 2498 Callus
1838 2420 2145 2495 radicalis
2220 2422 2283 2493 in
2366 2422 2535 2493 meis
2619 2422 3100 2520 speciminibus
3166 2421 3379 2495 deest.
3481 2418 3720 2493 Planta
3775 2420 4198 2519 9-pollicaris
4252 2435 4320 2496 et
4371 2426 4520 2497 sine

1246 2545 1456 2618 dubio
1513 2543 1797 2640 longior,
1871 2539 2121 2612 coloris
2199 2536 2802 2639 badio-purpurei,
2853 2542 3050 2639 apice
3104 2538 3448 2612 dilutioris.
3555 2536 3839 2612 Thallus
3890 2551 4104 2627 teres,
4155 2542 4515 2639 primarius

1243 2665 1392 2737 basi
1446 2663 1585 2736 fere
1637 2661 1876 2732 lineam
1935 2656 2262 2729 diametro
2316 2682 2647 2755 aequans,
2695 2684 2961 2730 sursum
3013 2659 3076 2731 in
3127 2659 3360 2756 apices
3414 2655 3752 2730 filisormes
3805 2658 4292 2756 subcapillares
4346 2672 4514 2731 atte-

1244 2797 1519 2865 nuatus,
1577 2779 1829 2874 ubique
1884 2774 2245 2874 superficie
2297 2775 2690 2848 reticulatim
2737 2776 3067 2862 sulcatus,
3105 2778 3310 2849 sulcis
3351 2777 3645 2849 maculas
3680 2775 4194 2875 longitudinales
4230 2778 4515 2851 lineares

1243 2897 1717 2981 formantibus,
1785 2892 2229 2977 aculeolatus,
2309 2894 2633 2966 aculeolis
2700 2920 2740 2967 e
2793 2895 3205 2992 marginibus
3267 2896 3601 2968 sulcatum
3670 2897 4258 2994 provenientibus,
4347 2898 4514 2969 linea

1244 3017 1641 3114 saepissime
1715 3012 2174 3094 brevioribus,
2256 3011 2653 3110 plerumque
2720 3014 3111 3098 incurvatis,
3183 3012 4025 3111 decomposito-ramosus.
4131 3011 4332 3086 Rami
4416 3042 4516 3087 ra·

1244 3135 1538 3233 mulique
1592 3130 1887 3229 undique
1939 3129 2401 3229 egredientes,
2465 3130 2668 3229 longe
2723 3131 2936 3229 magis
2992 3155 3192 3228 quam
3247 3133 3310 3203 in
3366 3129 3735 3204 Gracilaria
3792 3128 4282 3230 coronopisolia
4339 3135 4514 3206 aliis-

1244 3279 1378 3351 que
1463 3249 1772 3323 affinibus
1829 3250 2309 3347 approximati,
2361 3251 2753 3347 superiores
2807 3247 3020 3324 saltim
3075 3249 3222 3321 basi
3273 3249 3482 3321 axillis
3529 3248 3901 3322 rotundatis
3952 3263 4292 3349 patentes,
4361 3278 4516 3323 mox

1243 3396 1410 3445 vero
1463 3368 1824 3442 suberecti.

1550 3512 1975 3586 Structura:
2030 3523 2305 3584 stratum
2353 3512 2683 3585 internum
2729 3513 2930 3611 longe
2959 3516 3308 3586 maximam
3341 3513 3517 3586 thalli
3545 3527 3804 3614 partem
3833 3543 4216 3615 occupanS,
4258 3516 4513 3588 cellulis

1240 3629 1804 3728 longitudinaliter
1878 3629 2540 3727 angulato·ellipticis
2606 3633 2669 3701 in
2738 3631 2988 3703 ambitu
3055 3633 3425 3706 minoribus
3482 3632 3895 3719 confectum3
3975 3645 4255 3707 stratum
4312 3638 4512 3707 corti-

1242 3750 1388 3822 cale
1443 3747 1698 3821 cellulis
1753 3747 2037 3818 minimis
2090 3747 2464 3847 sphaericis
2515 3748 2579 3819 in
2635 3749 2847 3821 series
2890 3751 2954 3820 in
3003 3749 3206 3822 thallo
3265 3751 3617 3824 verticales
3666 3750 3985 3824 ordinatis
4029 3763 4511 3824 constructum.

1548 3888 2162 3964 Fructificationem
2215 3917 2368 3964 cum
2423 3889 2701 3962 viderim
2755 3915 3130 3989 nunquam,
3177 3905 3395 3965 utrum
3451 3892 3537 3965 ad
3590 3891 3994 3995 Hypnaeam
4026 3924 4108 3968 an
4150 3895 4234 3967 ad
4271 3895 4516 3969 Graci-

1244 4006 1469 4079 lariam
1531 4011 1616 4080 sit
1670 4005 1840 4079 haec
1888 4011 2160 4105 species
2209 4006 2594 4088 reserenda,
2668 4008 2868 4106 plane
2922 4013 3188 4095 nescio,
3234 4036 3385 4083 nam
3441 4009 3876 4085 differentiam
3925 4024 4301 4085 structurae
4357 4016 4516 4085 utri-

1241 4149 1461 4222 usque
1507 4126 1777 4222 generis
1833 4123 2035 4196 video
2094 4126 2290 4224 plane
2337 4124 2617 4209 nullam,
2673 4127 2792 4197 nisi
2848 4152 3323 4225 nonnunquam
3361 4154 3546 4202 mere
3572 4128 4074 4203 accidentalem.
4153 4128 4326 4205 Inde
4358 4159 4516 4229 spe·

1241 4244 1412 4313 ciem
1497 4254 1793 4314 nostram
1860 4269 2082 4341 prope
2158 4241 2600 4316 Gracilariam
2672 4244 3230 4342 coronopil'oliam
3286 4257 3353 4318 et
3408 4260 3707 4318 ornatam
3757 4249 3993 4321 melius
4047 4248 4516 4321 collocandam

1238 4361 1487 4457 putavi.

2072 4546 2335 4622 XVIII.
2422 4544 2711 4622 PEYS
2732 4544 2784 4621 S
2803 4545 2870 4620 O
2889 4543 3031 4619 NE
3049 4545 3241 4620 LIA
3307 4547 3673 4620 Decaisne.

1646 4708 1679 4775 1
1692 4759 1709 4776 .
1765 4703 2288 4780 Pnssomu
2337 4726 2765 4781 ausTnams
2821 4705 3109 4778 Aresch.

1540 4856 1962 4933 Frondibus
2029 4859 2356 4962 margine
2435 4858 2686 4935 liberis
2739 4858 3847 4936 membranaceo-subcoriaceis
3875 4860 4316 4964 ‘aggregatis
4377 4860 4520 4933 im-

1232 4970 2129 5075 bricato-superimpositis
2186 4973 2705 5052 reniformibus
2753 4976 3000 5052 medio
3049 4978 3249 5052 tenui
3283 4977 3454 5053 villo
3500 4977 3821 5053 breviori
3853 4978 4127 5066 affixiS‚
4178 4978 4520 5070 verrucis

1233 5087 1511 5163 fructus
1567 5091 1859 5191 sparsiS.

1535 5248 1662 5324 Ad
1714 5274 1920 5325 oram
1973 5249 2227 5327 Novae
2278 5249 2716 5327 Hollandiae
2767 5249 3341 5338 meridionalem,
3397 5251 3468 5325 in
3519 5252 3684 5328 sinu
3731 5253 3912 5328 Port
3964 5251 4327 5328 Adelaide
4363 5250 4524 5325 fre·

1234 5373 1561 5464 quenter.

4939 1075 4952 1264 —-—-—·=-
4939 1049 4948 1058 ι
4937 1027 4946 1036 Ι
