4984 6517
3473 591 3644 679 383

536 817 796 909 pentur
842 833 1057 911 quam
1101 808 1206 895 iis,
1277 809 1418 921 qui
1471 807 1768 910 singulis
1817 804 2061 882 litteris
2113 803 2532 906 linguisque
2572 827 2820 880 curam
2894 828 3343 906 operamque
3405 807 3743 944 tribuant.

539 928 864 1004 Tertium
917 940 1157 1002 autem
1226 925 1736 1059 grammaticae
1788 927 2020 1026 genus
2067 920 2143 996 id
2168 922 2552 1055 ‘ponimus
2606 922 2872 1023 quod
2852 947 2926 1000 m
2975 922 3235 1026 linguis
3280 922 3744 1022 singulism

533 1044 838 1148 antiquis
887 1045 1207 1121 maxime
1253 1054 1612 1122 versatur:
1661 1044 1732 1119 in
1791 1068 1937 1145 quo
1991 1041 2087 1116 de
2139 1038 2226 1115 iis
2274 1040 2531 1126 solum,
2587 1065 2776 1141 quae
2818 1039 2892 1115 in
2942 1041 3204 1144 linguis
3254 1041 3455 1120 illis
3433 1044 3607 1144 ipsis
3637 1045 3746 1124 in·-

531 1176 713 1251 sunt,
769 1164 1094 1265 quaestio
1151 1163 1387 1239 omnis
1468 1160 2001 1263 disputatioque
2075 1157 2461 1234 instituitur
2535 1157 2650 1245 ita,
2738 1167 2813 1234 ut
2868 1159 3015 1234 fide
3065 1158 3410 1236 historiae
3463 1162 3747 1242 nitatur..

532 1284 626 1357 Et
681 1305 902 1383 quum
953 1281 1093 1359 sint
1143 1307 1400 1356 omnes
1449 1290 1691 1382 partes
1771 1277 2281 1381 grammaticae
2363 1277 2646 1378 dign'ae,
2727 1275 2801 1376 ιιι
2874 1277 3137 1380 quibus
3204 1278 3754 1381 diligentissime

534 1426 848 1487 versere,
922 1408 1168 1500 utpote
1240 1425 1427 1502 quae
1501 1397 1935 1501 cognatione
1987 1395 2297 1497 quadam
2350 1394 2852 1476 contineantur
2902 1404 2974 1472 et
3024 1399 3492 1494 conjunctim.
3516 1402 3747 1504 magis

531 1518 675 1594 sint
724 1543 938 1620 quam
982 1519 1363 1618 separatim
1413 1516 1844 1603 tractandae,
1904 1525 2055 1592 tum
2094 1540 2183 1589 ea
2225 1538 2411 1614 pars»,
2468 1531 2672 1614 quae·
2707 1514 2945 1614 posita
2998 1522 3108 1592 est
3154 1516 3227 1590 ιιι
3264 1515 3403 1591 .illa
3477 1518 3743 1596 verbo-

522 1661 693 1712 ·rum
746 1637 1287 1724 consecutione,
1369 1660 1584 1737 quam
1658 1634 2023 1734 syntaxim
2105 1633 2219 1709 alii
2300 1631 2764 1732 appellarunt,
2837 1631 3137 1710 forsitan
3214 1633 3543 1710 videatur
3617 1637 3744 1713 tibi

531 1756 852 1832 omnium
906 1755 1341 1857 dignissima
1447 1756 1578 1828 Est
1628 1753 1723 1842 ini
1777 1751 2070 1858 quidem
2120 1750 2517 1827 verborum
2550 1739 2914 1838 nota‘tioni,
2965 1776 3179 1852 quam
3220 1753 3742 1856 etymologiam

530 1883 808 1962 vocant,
862 1898 1071 1996 spum
1126 1898 1407 1960 munus,
1463 1897 1595 1948 sua
1647 1870 1821 1957 laus,
1872 1879 2093 1972 utque
2155 1867 2376 1945 babet
2424 1894 2591 1969 pars
2641 1868 2757 1944 illa
2819 1869 2989 1946 artis
3064 1869 3573 1974 grammaticae
3627 1871 3744 1952 vel

535 1993 838 2069 utilitatis
890 1967 1277 2092 plurimum
1327 1990 1443 2066 vel
1494 1989 1957 2075 necessitatiS,
2011 1989 2105 2063 ita
2156 1987 2454 2091 multum
2511 1987 2872 2087 proficere
2921 1996 3194 2089 potest;
3267 1988 3402 2065 sed
3468 1988 3566 2065 illi
3620 1992 3744 2096 qui

527 2112 783 2198 studet,
833 2119 1082 2186 caveat
1135 2118 1439 2211 oportet,
1494 2135 1590 2183 ne
1636 2106 1731 2184 ad
1779 2109 2146 2208 spinosam
2194 2115 2409 2206 atque
2466 2104 2789 2182 inutilem
2826 2106 3234 2207 disputandi
3283 2108 3741 2187 subtilitatem
3817 2167 3826 2176 -

525 2230 1143 2330 temeritatemque
1197 2227 1588 2305 delabatur.
1696 2226 2132 2301 Recentiore
2180 2223 2472 2324 quidem
2528 2224 2910 2324 tempore
2891 2250 2965 2298 ιιι
2994 2225 3333 2301 omnibus
3382 2235 3741 2330 gramma-

522 2350 706 2424 ticae
742 2346 1078 2449 partibus»,
1134 2372 1274 2421 nec
1307 2339 1597 2422 minime
1649 2346 1720 2421 in
1773 2344 2069 2480 syntaxi
2113 2342 2250 2428 illa,
2304 2341 2548 2445 magni
2571 2351 2739 2416 sunt
2761 2341 3416 2445 facti‘progressus3
3471 2345 3739 2449 quique

521 2467 595 2542 in
642 2466 759 2541 illa
811 2464 1220 2540 felicissime
1260 2464 1740 2551 elaborarunt,
1797 2462 1846 2538 ii
1898 2461 2053 2537 fere
2107 2459 2199 2535 ad
2249 2487 2435 2562 opus
2483 2469 2950 2537 accesserunt
2997 2460 3498 2565 philosophiae
3530 2469 3742 2565 prae-⁸

524 2585 748 2686 ceptis
798 2583 1053 2659 imbuti
1110 2593 1181 2660 et
1232 2584 1640 2687 logicorum
1692 2581 1807 2657 illa
1859 2589 2010 2656 arte
2036 2579 2331 2655 instituti
2373 2579 2467 2654 ad
2512 2578 2967 2674 subtilitatem
2999 2579 3434 2668 disserendi;
3490 2608 3741 2684 quam-

571 2729 736 2778 uam
785 2728 1003 2778 nemo
1058 2702 1297 2786 facile.
1318 2700 1723 2802 negaverit,
1762 2698 1870 2772 his
1922 2697 2173 2772 studiis
2225 2695 2730 2798 philosophiae
2778 2696 3253 2773 imbecilliora
3304 2699 3609 2802 ingenia,
3665 2711 3740 2778 ut

518 2732 615 2908 ιιι,
685 2845 833 2895 ιιοιι
907 2829 1050 2894 tam
1124 2819 1368 2952 adJuta
1437 2842 1622 2904 esse,
1703 2840 1919 2917 quam
1992 2813 2375 2915 impedita
2400 2820 2472 2887 et
2529 2814 2619 2888 ad
2685 2814 2927 2889 sterile
2977 2824 3052 2890 et
3100 2815 3313 2891 inane
3365 2817 3738 2895 scholasti-

519 2938 722 3014 cismi
777 2923 1189 3036 cujusd'am'
1210 2937 1281 3010 in
1336 2933 1557 3008 rebus
1606 2934 2084 3037 grammaticis
2138 2931 2543 3007 disserendi
2592 2957 2828 3035 genus
2879 2932 3181 3033 pellecta
3244 2947 3460 3036 atque
3525 2934 3735 3012 indu-

520 3069 649 3133 cta.
752 3058 915 3130 Jam
971 3067 1149 3127 vero
1205 3052 1584 3127 universae
1643 3051 1774 3126 arti
1814 3052 2470 3134 Grammaticorum
2522 3050 2968 3158 subJungere
3028 3051 3196 3128 licet
3248 3053 3384 3129 alia
3435 3081 3732 3158 qunque

516 3195 787 3280 genera
824 3170 1253 3275 philologici
1315 3170 1529 3246 studii
1587 3178 1658 3246 et
1726 3171 2158 3273 argumenti,
2237 3195 2422 3272 quae
2499 3178 2740 3246 tamen
2795 3171 3120 3273 genera,
3155 3172 3251 3246 ‘si
3328 3174 3584 3261 mavis,
3663 3185 3736 3264 ,et

518 3294 629 3368 sui
697 3292 882 3392 juris
951 3315 1135 3376 esse,
1215 3297 1287 3364 et
1366 3288 1622 3363 eadem
1704 3314 1867 3362 cum
1950 3290 2420 3391 grammatico
2498 3288 2621 3362 illo
2698 3314 2971 3391 genere
3035 3294 3422 3390 conjuncta
3486 3293 3733 3370 existi-

516 3411 695 3486 mari
729 3417 1052 3511 possunt.
1161 3410 1491 3501 Quorum
1547 3407 1620 3484 in
1670 3405 2470 3520 numerumureferenda
2536 3419 2670 3512 est·
2720 3407 3177 3520 lexicolqgia,
3235 3436 3451 3524 quam
3486 3410 3733 3488 dicunt

521 3527 996 3615 recentioreS,
1068 3525 1245 3602 illud
1319 3524 1939 3628 lexicographiae‚
2023 3545 2235 3627 quam
2306 3525 2525 3630 iidem
2601 3525 2993 3627 adpellant,
3058 3529 3262 3629 quasi
3315 3529 3590 3605 initium
3644 3555 3730 3605 ac

512 3647 1072 3722 fundamentum.
1184 3643 1408 3738 Quod
1453 3669 1614 3718 cum
1666 3647 1855 3718 illius
1898 3643 2220 3731 studiosi,
2265 3670 2402 3719 suo
2422 3654 2726 3722 strenue
2759 3645 3141 3749 fungentes
3187 3671 3509 3746 munere,
3543 3652 3729 3748 Jam-

513 3764 631 3839 diu
684 3789 948 3867 magno
1005 3789 1169 3837 cum
1227 3762 1520 3868 ingenio
1576 3761 1982 3864 insignique
2044 3761 2417 3837 doctrinae
2468 3762 2772 3838 scientia
2806 3747 3265 3840 versarentur
3309 3765 3384 3839 in
3437 3766 3729 3871 origini-

508 3883 646 3958 bus
698 3882 1222 3959 v'ocabulorum
1276 3880 1719 3983 indagandis,
1789 3880 1863 3954 in
1934 3879 2439 3956 constituenda
2505 3880 3025 3982 primitivorum
3093 3883 3726 3987 derivatorumque

507 4001 693 4076 inter
743 4027 824 4075 se
876 4000 1173 4087 ratione,
1224 4001 1296 4074 in
1348 3999 1721 4084 vocabulis
1773 3997 2292 4087 examinandiS,
2348 4001 2421 4076 in
2476 4026 2732 4076 eorum
2791 4000 3106 4102 denique
3132 4001 3248 4076 vel
3275 3999 3723 4105 singulorum

516 4120 631 4195 vel
684 4117 1269 4228 consociatornm
1314 4117 1729 4193 notionibus
1777 4115 2566 4220 significationibusque
2595 4118 3145 4221 cognoscendis,
3194 4122 3361 4196 haec
3409 4120 3721 4222 quidem,

506 4238 713 4312 tantis
790 4236 1033 4334 adjuta
1103 4235 1570 4322 adminiculiS,
1650 4237 2057 4312 recentiore
2136 4236 2452 4312 maxime
2531 4244 2861 4339 tempore
2934 4238 3265 4315 celeriter
3319 4236 3514 4312 haud
3566 4239 3724 4314 exi-

504 4380 729 4457 guum
783 4354 972 4454 cepit
1021 4337 1574 4428 incrementum.
1660 4355 1732 4431 in
1785 4382 1927 4457 qua
2003 4355 2124 4457 qui
2201 4355 2659 4456 superiorum
2733 4354 3050 4458 vestigiis
3108 4355 3516 4432 insistentes
3562 4357 3720 4432 illo-

505 4500 661 4547 rum
717 4472 1106 4547 industriae
1158 4497 1363 4546 suam
1426 4499 1723 4573 operam
1776 4474 2178 4577 adjungere
2242 4474 2519 4559 volent,
2588 4472 2674 4549 iis
2724 4474 3022 4548 multum
3078 4473 3374 4548 restabit
3427 4473 3715 4561 laboriS,

507 4615 640 4664 eos
693 4615 949 4693 magna
1006 4589 1321 4664 manebit
1369 4590 1643 4666 virtutis
1694 4591 2024 4667 edendae
2096 4591 2324 4692 copia,
2397 4618 2536 4666 nec
2601 4592 2734 4694 iis
2770 4592 3076 4666 deerunt
3123 4591 3315 4666 bona
3369 4593 3718 4694 praeclari

503 4708 717 4783 studii
770 4707 1108 4793 subsidia,
1163 4708 1225 4782 si
1277 4707 1567 4809 quidem
1637 4711 1967 4785 confecta
2043 4714 2196 4808 Jam
2248 4719 2414 4784 sunt
2476 4707 2819 4784 nonnulla
2890 4689 3158 4784 lexica
3202 4711 3484 4808 minora
3562 4712 3714 4788 sive

374 4899 378 4903 .
501 4825 896 4900 verborum
957 4826 1250 4913 indices,
1308 4825 1430 4928 qui
1498 4837 1666 4902 sunt
1744 4828 2006 4930 singuli
2081 4811 2532 4930 singulorum
2595 4827 2873 4928 scriptis
2941 4828 3033 4904 ab
3101 4811 3499 4906 editoribus
3543 4831 3716 4907 sub-

494 4945 746 5041 juncti,
806 4947 1160 5046 cujusque
1212 4944 1500 5047 generis
1556 4947 1756 5048 quasi
1808 4944 2124 5024 thesauri
2172 4945 2491 5021 minores
2528 4946 2771 5048 plures
2795 4948 3242 5050 propediem,
3297 4958 3372 5024 ut
3418 4976 3712 5062 sperare

502 5062 684 5148 licet,
743 5064 1153 5164 exspectari
1202 5073 1524 5165 possunt.
2166 5083 2185 5100 ‘

806 5233 973 5307 Huc
1027 5234 1312 5321 deinde,
1369 5234 1429 5308 si
1484 5233 1736 5333 placet,
1790 5232 2063 5308 referre
2095 5234 2260 5312 licet
2291 5234 2643 5310 rationem
2697 5193 2904 5312 illam·
2937 5262 3523 5338 synonymorum
3558 5239 3709 5316 sive

506 5350 950 5451 disciplinam
1005 5376 1281 5439 eorum,
1331 5351 1454 5453 qui
1508 5349 1860 5427 vocabula
1916 5352 2110 5430 idem
2161 5349 2635 5456 significantia
2673 5355 3022 5457 gregatim
3075 5355 3435 5458 colligunt,
3511 5357 3709 5457 quod
