4984 6517
1355 555 1472 681 42

2342 838 2734 917 Lnnzrrns.
2838 832 3078 938 Epicr.
3135 857 3184 938 p
3263 842 3403 913 403.

1365 1008 1398 1043 ·
1452 1007 1531 1081 L.
1587 1005 2114 1106 (Suntaosan)
2183 1025 2672 1080 Aprusa-rs.
2777 1000 2896 1075 Fr.
3004 1001 3246 1102 Epicr.
3301 1028 3370 1103 p.
3429 1006 3574 1076 404.
3681 996 3907 1074 Daed.
3962 998 4189 1073 laevis.
4244 994 4484 1071 Hook.

1450 1125 1525 1200 in
1580 1121 1851 1199 Kunth.
1910 1123 2090 1223 Syn.
2143 1147 2213 1222 p.
2269 1131 2329 1197 9.

1551 1271 1635 1345 In
1682 1266 2033 1344 America
2085 1262 2412 1341 calidiori
2454 1263 2744 1366 passim.

1554 1412 1850 1515 Species
1888 1416 2182 1515 quinque
2223 1413 2489 1511 priores
2533 1411 2574 1484 l.
2628 1433 2690 1484 c.
2736 1409 2933 1484 valde
2990 1411 3164 1483 inter
3215 1435 3292 1483 se
3344 1406 3578 1481 affines
3628 1419 3698 1481 et
3745 1434 3949 1507 aegre
3994 1402 4494 1479 discernendae.

1452 1531 1725 1607 Statura
1777 1532 2139 1604 admodum
2220 1532 2458 1616 variat;
2537 1531 2757 1630 pileus
2829 1531 3048 1628 junior
3101 1526 3915 1626 flocculoso-laevigatus,
3989 1525 4275 1601 adultior
4323 1523 4495 1621 poli·

1456 1666 1595 1741 tus,
1651 1651 2025 1751 glabratus,
2073 1649 2373 1722 lamellae
2449 1651 2717 1722 strictae
2765 1649 2806 1720 l.
2858 1651 3042 1721 varie
3101 1658 3677 1719 anastomosantes
3731 1648 3796 1718 in
3842 1643 4079 1718 eadem
4109 1643 4375 1742 specie,
4431 1653 4500 1712 ut

1455 1774 1577 1845 rite
1629 1771 1757 1844 sub
1792 1770 2018 1842 Daed.
2046 1770 2281 1841 indica
2336 1769 2593 1840 notavit
2635 1764 3021 1866 Junghuhn.
3124 1764 3366 1838 Potius
3425 1766 3624 1862 igitur
3680 1789 3877 1863 quam
3927 1789 4140 1837 novas
4195 1758 4498 1832 admitte-

1458 1916 1635 1976 rem,
1684 1892 1816 1987 jam
1861 1889 2237 1987 descriptas
2283 1886 2369 1959 ad
2416 1899 2555 1959 tres
2605 1887 2876 1984 species
2953 1883 3370 1958 reducerem.
3477 1882 3625 1957 Sed
3679 1882 4149 1983 praesentibus
4206 1879 4498 1950 omnium

1458 2007 1937 2108 speciminibus
1986 2006 2027 2078 l.
2080 2032 2137 2079 c.
2192 2017 2505 2105 receptas
2554 2005 2818 2104 plenius
2876 2030 3244 2102 exponam,
3298 2030 3449 2077 cum
3506 2029 3882 2104 synonyma
3933 1999 4267 2074 recentius
4317 1997 4498 2067 varie

1459 2138 1879 2202 commutata.
1983 2125 2196 2197 Lens.
2251 2124 2649 2225 applanata
2700 2149 2846 2196 mea
2896 2125 3237 2222 primaria,
3283 2122 3370 2194 ad
3421 2124 3786 2222 specimina
3828 2116 4327 2191 Humboldiana
4378 2114 4499 2188 de-

1457 2246 1833 2331 terminata,
1879 2246 2023 2317 sine
2077 2243 2284 2317 dubio
2340 2244 2439 2316 D.
2491 2241 2718 2313 laevis.
2824 2238 3054 2314 Hook.
3099 2239 3548 2341 Dignoscitur
3599 2241 3821 2339 stipite
3874 2237 4131 2322 valido,
4202 2232 4500 2308 verticali

1460 2361 1775 2461 (laterali,
1828 2365 2248 2449 ementi-ico,
2301 2360 2644 2461 centrali),
2702 2360 2886 2459 pileo
2939 2362 3305 2449 suberoso,
3375 2374 3444 2434 at
3504 2362 3718 2446 tenui,
3783 2356 4151 2443 renisormi,
4206 2353 4381 2427 laevi
4435 2364 4504 2425 et

1456 2507 1709 2569 azono,
1761 2480 2037 2561 lamellis
2090 2482 2511 2581 sequentium
2580 2479 2960 2565 latioribus,
3026 2480 3439 2552 tenuioribus
3486 2481 3631 2551 acie
3688 2478 3917 2550 acutis.
3998 2517 4093 2530 —
4176 2471 4358 2547 Hinc
4409 2472 4501 2544 L.

1457 2600 1810 2701 repandae
1856 2600 2195 2698 proxima,
2272 2599 2358 2671 ad
2427 2624 2628 2698 quam
2709 2595 3060 2671 reserenda
3120 2598 3348 2671 Daed.
3409 2596 3808 2699 applanata
3857 2601 4086 2689 major
4132 2591 4503 2678 Klotzsch‚

1460 2716 1737 2795 Berkel.
1781 2720 1846 2791 in
1896 2715 2140 2791 Annal.
2193 2716 2273 2790 os
2314 2714 2558 2791 Natur.
2609 2714 2789 2790 Hist.
2843 2720 3028 2790 ⁴839.
3073 2737 3142 2814 p.
3195 2721 3337 2791 38⁴.

1257 2918 1318 2987 4.
1446 2910 1526 3105 ΙΙΞ
1580 2909 2108 3012 (Somnosu.)
2157 2930 2646 2986 parmam.
2749 2907 2870 2984 Fr.
2969 2904 3214 3010 Epicr.
3263 2930 3332 3010 p.
3383 2915 3528 2985 404.
3593 2909 3809 2986 Lmz.
3842 2912 4246 3014 platypoda
4317 2908 4498 2984 Lev.

1523 3054 1641 3104 on.
1694 3055 1764 3130 p.
1818 3035 1962 3105 ⁴84.

1559 3173 1643 3247 In
1685 3172 1973 3246 Guinea
2023 3169 2121 3246 ad
2171 3169 2367 3274 ligna
2412 3166 2671 3244 adusta
2720 3166 3160 3275 (AfzeliuQ
3208 3166 3442 3243 rarior
3487 3165 3795 3268 species.

1563 3312 1665 3388 Ut
1715 3319 1904 3415 prior
1948 3314 2035 3386 ad
2085 3312 2173 3386 L.
2230 3313 2650 3414 repandum,
2713 3308 2884 3384 haec
2937 3310 3024 3382 ad
3080 3311 3168 3383 L.
3228 3312 3555 3386 Palisotii
3630 3310 3924 3398 accedit,
4006 3322 4073 3382 at
4147 3322 4332 3383 certe
4397 3308 4501 3383 di-

1402 3474 1413 3487 ⁴
1464 3436 1730 3519 stincta,
1810 3444 1983 3506 teste
2050 3456 2322 3531 quoque
2365 3426 2670 3515 Afzelio‚
2723 3430 2838 3528 qui
2894 3440 3242 3528 utramque
3298 3432 3515 3503 vivam
3570 3431 4001 3529 comparavit.
4100 3425 4335 3503 Pileus
4383 3457 4506 3503 su-

1461 3554 1748 3626 berosus
1795 3549 2098 3651 quidem,
2149 3547 2274 3623 sed
2327 3546 2688 3620 admodum
2741 3549 2994 3634 tenuis,
3075 3547 3447 3622 renisormis
3526 3561 3638 3621 aut
3690 3550 3822 3623 late
3900 3548 4506 3623 cuneato-flabelli·

1460 3669 1724 3757 sormis,
1804 3676 1844 3742 3
1896 3695 2046 3741 unc.
2098 3670 2362 3741 circiter
2436 3666 2643 3752 latus,
2716 3668 2981 3765 postice
3039 3666 3210 3739 linea
3276 3679 3458 3741 recta
3532 3670 3597 3740 in
3680 3669 3972 3767 stipitem
4028 3668 4506 3741 brevissimum

1453 3790 1782 3888 exquisite
1832 3786 2171 3859 lateralem
2225 3784 2923 3884 (subhorizontalem),
2998 3785 3147 3858 basi
3198 3786 3866 3874 scutato-dilatatum,
3912 3785 4322 3885 productus,
4373 3813 4504 3886 ap-

1463 3907 1801 4007 planatus‚
1851 3905 1977 3980 sed
2028 3906 2294 4005 postice
2377 3903 2779 4002 depressus,
2853 3930 3135 3992 azonus,
3213 3906 3280 3977 in
3339 3904 3694 4003 superficie
3766 3907 4021 4005 passim
4094 3905 4506 3993 nodulosus,

1456 4053 1733 4126 opacus.
1848 4022 2102 4124 Margo
2178 4023 2629 4109 acutissimus,
2696 4023 2912 4095 antice
2977 4022 3182 4121 vulgo
3255 4022 3589 4111 deflexus,
3641 4023 4011 4096 undulatus.
4120 4022 4506 4096 Contextus

1464 4146 1867 4246 reliquorum
1919 4144 2167 4229 tenuis,
2224 4140 2597 4226 floccosus3
2648 4152 2828 4212 totus
2879 4140 3098 4239 pileus
3155 4165 3307 4212 cum
3359 4140 3636 4214 lamellis
3687 4143 3800 4214 vix
3849 4141 4017 4214 ultra
4042 4140 4283 4214 lineam
4311 4168 4505 4215 cras-

1461 4292 1596 4339 sus.
1699 4261 2044 4336 Lamellae
2100 4260 2476 4345 confertae,
2531 4270 2885 4356 angustae,
2940 4257 3727 4358 repetito-dichotomae,
3779 4260 4079 4346 strictae,
4151 4258 4238 4331 ad
4290 4259 4506 4333 latera

1459 4407 1756 4457 venosae
1778 4438 1796 4468 ,
1841 4383 1985 4454 acie
2036 4382 2280 4454 obtusa
2331 4378 2757 4476 integerrima
2808 4376 3389 4476 ligneo-pallidae,
3440 4379 3508 4451 in
3557 4382 3837 4453 vetustis
3888 4378 4382 4464 suscescentes,
4432 4380 4505 4451 in

1456 4500 1649 4575 basin
1699 4499 2133 4573 decurrentes
2189 4523 2505 4597 porosae.
2614 4493 2831 4569 Color
2877 4495 3077 4593 hujus
3129 4498 3385 4594 speciei
3462 4498 3675 4596 magis
3752 4496 4103 4586 sordidus,
4171 4499 4236 4569 in
4313 4497 4502 4596 pileo

1460 4643 1546 4692 ex
1598 4617 1824 4692 albido
1874 4616 2290 4704 isabellinus,
2342 4614 2644 4689 lamellae
2691 4614 3141 4688 obscuriores.

1553 5084 1750 5159 Pileo
1801 5084 2050 5172 sessili,
2102 5085 2213 5156 vix
2265 5085 2595 5181 stipitato,
2669 5080 2866 5153 valde
2921 5083 3103 5154 tenui
3159 5078 3598 5154 flabellisormi
3671 5078 4005 5181 laevigato
4073 5105 4325 5169 azono,
4400 5082 4501 5155 la-

1449 5206 1662 5283 mellis
1717 5202 2118 5276 dichotomis
2171 5202 2414 5275 strictis
2467 5200 3138 5290 anastomosantibus,
3186 5202 3330 5274 acie
3391 5201 3603 5274 acutis
3651 5202 4126 5305 integerrimis,
4183 5199 4356 5273 haec
4403 5201 4504 5272 si·-

1454 5327 1566 5399 stit
1614 5325 1916 5424 speciem
1963 5334 2097 5395 tam
2152 5348 2191 5394 a
2245 5318 2332 5392 L.
2379 5320 2808 5421 applanata,
2861 5344 3060 5420 quam
3111 5317 3201 5393 L.
3256 5322 3571 5421 repanda
3622 5320 3802 5396 clare
3854 5318 4206 5395 diversam.
4260 5312 4507 5392 Variat
