4984 6517
1407 586 1530 674 84

1413 804 1448 839 ⁸
1496 801 1583 877 P.
1638 798 2050 902 (Srm’osl)
2106 816 2713 872 motuuscmus
2761 792 2972 871 Berk.
3024 794 3222 873 Ceut.
3274 793 3361 873 11.
3407 826 3472 872 n.
3521 803 3661 875 ⁴26.
3705 799 4033 900 proximis
4082 797 4379 888 medius,
4430 802 4542 877 ad-

1505 922 1643 996 huc
1704 920 2004 1006 mollior,
2057 929 2422 1017 stuppeum
2474 916 2694 1016 pileus
2764 916 3515 1006 isabellino-alutaceus,
3567 945 3608 994 e
3658 919 3913 994 fibrillis
3994 919 4396 995 fasciculatis
4443 948 4541 996 ra·

1505 1040 1840 1115 diantibus
1895 1036 2318 1137 adglutinatis
2370 1037 2563 1135 quasi
2611 1038 3039 1110 concentrice
3090 1062 3515 1137 squamosus.

1304 1198 1408 1268 32.
1512 1189 1591 1265 Ρ.
1647 1188 2047 1290 (Srurosx)
2097 1205 2401 1261 rmum.
2506 1182 2749 1284 Epicr.
2804 1210 2874 1286 p.
2932 1192 3074 1260 475.

1605 1332 1827 1408 Hunc
1879 1331 2242 1404 Sues-icum
2295 1350 2396 1402 ex
2459 1326 2809 1403 America
2874 1327 3158 1405 boreali
3232 1327 3428 1404 misit
3505 1327 3919 1417 Schweiniz,
4000 1338 4074 1406 et
4140 1327 4236 1404 ad
4299 1327 4544 1406 affines

1506 1447 1970 1528 illustrandos
2020 1444 2089 1521 h.
2145 1445 2189 1522 l.
2238 1445 2509 1521 inser0.

1606 1592 1856 1697 Typus
1906 1593 2105 1690 hujus
2156 1591 2424 1691 gregis3
2468 1590 2836 1663 substantia
2888 1600 3203 1689 stuposa,
3256 1588 3579 1675 crassior,
3631 1589 3884 1675 mollis,
3931 1588 4239 1663 coriacea
4312 1602 4542 1666 tamen.

1509 1713 1727 1789 Color
1783 1711 2045 1786 albidus
2096 1713 2164 1783 in
2212 1711 2585 1783 alutaceum
2632 1733 2959 1807 vergens·‚
3009 1718 3365 1781 contextus
3386 1707 3750 1795 floccosus,
3773 1709 4029 1781 niveus.
4134 1704 4544 1808 Superlicies

1501 1834 1663 1937 pilei
1711 1857 1995 1933 prorsus
2047 1856 2292 1917 azona,
2336 1829 2593 1927 passim
2655 1853 2821 1900 vero
2886 1824 3465 1925 rugoso-radiata,
3524 1825 4129 1915 velutino-hirtula,
4176 1825 4544 1921 soveolato-

1508 1952 1908 2026 fasciculata.
2013 1945 2182 2021 Pori
2232 1948 2618 2047 conspicui,
2666 1957 2733 2018 at
2783 1946 3207 2045 sequentium
3256 1947 3586 2033 minores,
3638 1946 3858 2046 primo
3919 1944 4354 2033 subrotundi,
4399 1943 4546 2020 dein

1501 2073 1612 2145 lin.
1660 2081 1730 2144 et
1774 2069 1944 2141 ultra
1998 2064 2347 2166 profundi,
2394 2063 3147 2162 lacerato-inaequales,
3203 2076 3271 2137 at
3342 2090 3479 2137 non
3552 2065 3621 2137 iu
3686 2061 3927 2136 dentes
4005 2062 4279 2136 lacerati
4299 2119 4318 2150 ,
4384 2062 4547 2137 lute-

1504 2201 1794 2265 scentes.
1896 2184 2154 2260 Forma
2206 2184 2490 2257 maxime
2538 2185 2755 2271 varia,
2805 2184 3034 2284 typice
3089 2181 3345 2256 sessilis
3395 2180 3766 2268 dimidiata,
3826 2181 3952 2255 sed
4008 2183 4220 2255 variat
4262 2183 4546 2280 integra,

1502 2309 1684 2410 pileo
1734 2330 1913 2379 nunc
1982 2303 2190 2377 dorso
2244 2329 2423 2376 nunc
2471 2301 2640 2375 infra
2691 2298 2949 2373 adnata.
3055 2297 3449 2401 Specimina
3496 2299 3697 2398 hujus
3752 2302 4011 2373 minora
4054 2327 4142 2375 ex
4190 2296 4378 2373 Ohio
4432 2297 4546 2373 ad·

1506 2439 1662 2502 sunt
1707 2427 1776 2498 in
1827 2421 2018 2498 Mus.
2063 2420 2340 2496 Berkel.
2391 2447 2521 2519 pro
2572 2421 2890 2493 varietate
2941 2421 3029 2492 P.
3077 2419 3486 2493 Sullivantii
3536 2432 3772 2493 sumta.
3876 2421 3964 2493 P.
4036 2418 4314 2494 albidus
4378 2420 4546 2494 intus

1499 2543 1859 2630 fibrosus!,
1904 2541 2147 2629 durus,
2198 2540 2680 2639 conglobatus,
2734 2550 3033 2612 ceterum
3079 2536 3277 2612 valde
3329 2539 3590 2627 similis,
3640 2538 3768 2613 sed
3819 2537 4378 2614 distinctissimus.

1303 2698 1406 2766 33.
1509 2689 1589 2765 Ρ.
1646 2686 2047 2788 (ΞΤυΡοει)
2098 2703 2508 2758 BxPANSUS.
2614 2677 2855 2779 Epicr.
2907 2701 2977 2778 p.
3033 2683 3175 2752 475.

1601 2832 1728 2909 Ad
1778 2856 2026 2907 ramos
2074 2828 2472 2905 crassiores
2523 2826 2597 2901 in
2651 2825 2960 2902 Guinea.
3064 2826 3416 2925 Asselius.
3474 2824 3574 2900 Ic.
3623 2834 3723 2902 12.

1604 2982 1967 3085 Aptiorem
2023 2983 2180 3056 huic
2230 2984 2487 3082 speciei
2535 2986 2769 3059 nescio
2813 2982 3060 3070 locum,
3088 2983 3246 3055 licet
3290 2994 3425 3055 tam
3478 3010 3517 3056 a
3562 2980 4131 3083 praecedentibus
4181 3010 4386 3085 quam
4441 3011 4546 3061 se·

1503 3104 1866 3207 quentibus
1944 3102 2440 3176 diversissimus
2506 3102 2625 3189 sit,
2674 3100 2849 3175 sorte
2901 3097 3293 3186 Trametes3
3350 3103 3503 3201 pori
3556 3099 3757 3176 medii
3812 3104 3987 3175 enim
4052 3102 4431 3177 brevissimi
4477 3108 4542 3205 st

1503 3227 1612 3299 lin.
1659 3224 1772 3297 vix
1822 3221 2040 3322 longi)
2091 3219 2508 3307 foveolares,
2556 3245 2831 3319 semper
2880 3220 3121 3294 eximie
3161 3219 3540 3319 regulares,
3588 3223 3989 3319 pentagoni,
4044 3220 4306 3309 obtusi,
4356 3247 4545 3295 num·

1504 3369 1706 3444 quam
1757 3340 2060 3426 lacerati,
2111 3365 2151 3413 e
2200 3337 2450 3437 pallido
2508 3337 3253 3437 ligneo-fuscescentes.
3356 3335 3422 3409 E
3475 3336 3632 3411 loco
3684 3339 3751 3410 in
3805 3340 4005 3412 ramis
4077 3337 4288 3414 dorso
4343 3339 4544 3414 adna-

1500 3473 1642 3548 tus,
1693 3458 1875 3559 pileo
1934 3457 2466 3530 coriaceo-lento
2518 3454 2817 3554 undique
2870 3481 3208 3555 expanso,
3258 3462 3445 3528 2-3
3494 3482 3649 3529 unc.
3723 3456 3897 3545 lato,
3949 3459 4139 3532 zonis
4209 3470 4280 3533 et
4345 3459 4544 3535 sulcis

1423 3598 1433 3608 '
1497 3577 1808 3652 absolute
1859 3573 2211 3661 destituto,
2264 3573 2540 3647 sordide
2588 3572 2849 3661 albido,
2902 3599 3158 3673 opaco,
3203 3585 3502 3647 tomento
3559 3577 3742 3649 tenui
3790 3575 4123 3677 adpresso
4174 3576 4543 3677 laevigato,

1492 3708 1569 3769 ut
1647 3696 1717 3767 in
1793 3689 2230 3766 Trametibus
2247 3750 2266 3781 ,
2317 3695 2617 3768 vestitus.
2720 3687 2976 3790 Margo
3044 3704 3312 3780 acutus,
3377 3693 3617 3768 subtus
3669 3692 3938 3770 definite
3994 3696 4255 3770 sterilis.
4364 3694 4542 3771 Caro

1499 3810 2043 3912 ligneo-pallida,
2109 3836 2264 3884 cum
2315 3811 2505 3909 poris
2568 3807 2749 3881 haud
2811 3809 3052 3883 lineam
3127 3836 3374 3884 crassa.
3475 3809 3770 3886 Affinem
3840 3815 4000 3886 novi
4054 3815 4337 3904 nullam;
4391 3817 4543 3917 pori

1496 3931 1729 4005 habitu
1780 3941 1850 4004 et
1901 3928 2116 4003 forma
2165 3927 2462 4002 referunt
2512 3928 2600 4000 P.
2649 3944 2903 4002 tostum
2967 3939 3036 4001 et
3098 3924 3681 4004 brunum-album.
3783 3928 3886 4005 At
3956 3931 4176 4007 descr.
4229 3935 4318 4008 P.
4373 3945 4548 4010 nivei

1494 4047 1746 4148 Jungh.
1796 4048 1949 4125 Jav.
2001 4076 2070 4149 p.
2124 4052 2206 4121 48
2254 4048 2322 4120 in
2370 4046 2672 4146 plurimis
2754 4048 3096 4147 congruit,
3137 4049 3293 4148 pori
3342 4074 3509 4123 vero
3566 4052 3985 4126 minutissimi
4037 4064 4108 4126 et
4155 4053 4379 4153 pileus
4450 4053 4550 4130 di-

1496 4172 1669 4244 citur
1713 4167 2260 4243 carnoso-lentus
2305 4166 2891 4266 (stuppeo-mollis
2905 4167 2987 4266 ?).
4417 4156 4435 4174 ’

1291 4325 1392 4394 34.
1496 4317 1576 4392 P.
1634 4315 2033 4416 (STUPOSI)
2084 4335 2470 4391 umor-ms».
2576 4311 2819 4414 Epicr.
2878 4338 2948 4414 p.
3001 4320 3143 4390 475.
3252 4317 3340 4389 P.
3413 4314 3927 4392 camlintensis.
4025 4318 4270 4395 Berk!
4337 4320 4541 4397 Ceut.

1492 4435 1614 4511 m.
1670 4459 1737 4509 n.
1794 4441 1937 4510 2⁴4.
2045 4433 2266 4507 Curt.!
2316 4429 2363 4506 l.
2419 4455 2480 4506 c.
2531 4455 2602 4506 n.
2657 4439 2760 4506 95.

1587 4578 1714 4654 Ad
1764 4587 2066 4654 truncos
2125 4575 2391 4652 montis
2456 4574 2858 4664 Orizabae,
2915 4579 3166 4666 ⁴0,ooo‘
3216 4577 3384 4655 altit.
3490 4576 3849 4654 Liebman.
3952 4575 4220 4657 Multas
4270 4577 4547 4658 formas

1489 4724 1536 4775 e
1590 4697 1929 4774 Carolina
1976 4695 2171 4771 misit
2227 4695 2489 4772 Cur-tie.

1584 4841 2032 4917 Pervenimus
2078 4867 2258 4914 nunc
2310 4839 2396 4913 ad
2446 4842 2719 4941 species
2764 4841 3051 4916 maxime
3106 4841 3495 4930 mutabiles,
3554 4868 3835 4942 quarum
3897 4843 4157 4919 formae
4211 4845 4279 4917 iu
4325 4842 4546 4921 Ame-

1484 4964 1624 5038 rica
1686 4960 1945 5034 boreali
2010 4985 2231 5060 paene
2281 4959 2589 5032 infinitae.
2694 4956 2911 5047 Haec,
2969 4958 3056 5032 ad
3107 4960 3195 5031 P.
3219 4957 3531 5058 fibulam
3582 4964 3867 5064 propius
3920 4963 4293 5052 accedens,
4341 4988 4379 5035 a
4431 4987 4544 5037 se·

1485 5092 1735 5180 quente
1815 5080 1992 5154 bene
2070 5077 2356 5152 definita.
2454 5073 2693 5151 Pileus
2775 5078 3379 5166 con-iaceo-mollis,
3449 5091 3813 5180 stuppeus,
3866 5080 3969 5181 (at
4021 5079 4294 5155 demum
4344 5083 4544 5156 etiam

1485 5201 1746 5300 rigens)
1799 5196 2467 5284 dimidiato-sessilis,
2508 5197 2658 5270 basi
2692 5197 2849 5297 plus
2882 5198 3100 5271 minus
3153 5196 3439 5286 effusus,
3489 5225 3669 5273 nunc
3720 5200 4011 5272 seriatim
4065 5224 4548 5290 concrescens,

1482 5346 1663 5395 nunc
1704 5315 2362 5393 scalari—imbricatus
2376 5371 2397 5406 ,
2450 5313 2816 5389 admodum
2862 5314 3315 5408 multiformis,
3363 5317 3586 5418 primo
3655 5317 3937 5394 villosus
3991 5319 4361 5420 (interdum
4419 5318 4543 5395 ad-
