4984 6517
1313 578 1482 666 366

1507 791 1586 864 In
1639 789 1801 864 sinu
1856 792 2036 865 Port
2085 788 2450 866 Adelaide
2484 787 2742 864 Novae
2792 787 3263 876 Hollandiae,
3317 787 3759 890 frequenter.

1510 923 1752 998 Planta
1804 952 2022 1023 usque
2076 926 2624 1025 6-9-pollicaris,
2680 926 3019 998 exsiccata
3071 926 3305 999 colore
3336 925 3645 998 olivaceo
3675 925 3716 997 l.
3747 922 4480 1022 olivaceo-l'errugineo

1201 1073 1238 1119 a
1298 1046 1538 1144 priori,
1622 1054 1939 1142 quantum
2022 1042 2341 1128 vidimus,
2415 1068 2693 1140 semper
2760 1041 3087 1115 distincta.
3216 1040 3440 1142 Stupa
3511 1068 3752 1139 magua
3808 1052 3877 1114 et
3928 1044 4200 1113 omnino
4268 1052 4338 1112 ut
4414 1042 4480 1111 in

1203 1165 1330 1237 illa.
1434 1161 1583 1236 Fila
1645 1187 1732 1234 ex
1786 1160 2025 1234 eadem
2075 1173 2273 1257 stupa
2318 1160 2899 1245 numerosissima,
2949 1159 3205 1234 inferne
3258 1185 3437 1233 nunc
3495 1158 3710 1242 nuda,
3745 1184 3923 1230 nunc
3948 1158 4481 1256 usqueinbasin

1207 1283 1477 1356 ramulis
1530 1277 1958 1378 pinnulisque
2014 1281 2285 1363 vestita,
2336 1301 2613 1375 semper
2664 1275 2805 1349 sere
2847 1301 3068 1374 usque
3106 1278 3170 1349 in
3207 1276 3493 1352 mediam
3521 1288 3781 1375 partem
3814 1275 4484 1373 fibrilloso-stuposa.

1207 1397 1468 1472 Pinnae
1527 1397 1977 1494 pinnulaeque
2034 1396 2246 1491 magis
2295 1419 2496 1491 quam
2548 1394 2613 1466 in
2667 1394 2874 1491 priori
2922 1407 3267 1491 patentes,
3319 1393 3527 1492 idque
3556 1395 3925 1492 praecipue
3978 1397 4044 1466 in
4097 1393 4484 1490 specimini-

1209 1519 1339 1591 bus
1392 1497 1776 1598 fructiferis,
1830 1538 1959 1585 nec
2014 1510 2265 1585 rachidi
2321 1523 2452 1583 tam
2511 1523 2732 1597 arcte,
2781 1521 2854 1582 ut
2909 1511 2975 1582 in
3028 1507 3202 1610 Spb.
3251 1509 3619 1610 globifera,
3659 1510 4062 1609 adpressae,
4106 1508 4289 1583 unde
4319 1511 4481 1581 rami

1209 1632 1614 1730 ramulique,
1687 1643 1760 1702 ut
1821 1631 1884 1700 iu
1947 1626 2121 1728 Spb.
2177 1631 2524 1726 scoparia,
2580 1626 2734 1726 plus
2784 1628 2999 1701 minus
3055 1628 3624 1728 plumoso-plani,
3677 1653 4082 1727 quamquam
4134 1653 4267 1699 non
4320 1651 4482 1699 vere

1215 1750 1507 1834 distichi,
1585 1747 1878 1820 articulis
1979 1747 2305 1819 diametro
2412 1745 2749 1843 subQ-plo
2842 1745 3307 1833 brevioribus,
3399 1747 3661 1844 apicem
3759 1772 4001 1820 versus
4086 1756 4480 1818 attenuatae.

1213 1867 1514 1941 Fructus
1572 1868 1638 1937 in
1691 1865 1883 1937 axilla
1943 1864 2397 1964 pinnularum,
2455 1889 2631 1962 quae
2690 1866 2840 1957 ejus
2893 1864 3270 1960 praesentia
3329 1864 3605 1961 oblique
3660 1875 3729 1935 et
3787 1862 4224 1936 subsecunde
4277 1888 4484 1960 supra

1214 1985 1441 2060 rachin
1512 1986 1756 2082 pinnae
1828 1981 2184 2055 flectuntur
2233 1988 2404 2079 (quo
2463 1985 2664 2079 pinna
2711 1981 2967 2077 spicam
3021 1983 3430 2077 gramineam
3490 1979 3692 2077 longe
3744 1981 4076 2052 aristatam
4126 2006 4262 2053 non
4312 1980 4485 2053 male

1220 2103 1472 2199 refert),
1526 2099 1976 2199 glomerulum
2025 2098 2452 2197 sphaericum
2500 2100 3005 2171 constituentes.
3087 2095 3467 2170 Glomeruli
3523 2098 4013 2170 constituuntur
4033 2096 4487 2196 hologonidiis

1221 2247 1262 2294 e
1305 2217 1744 2318 sporophoro
1797 2219 1973 2288 tenui
2021 2216 2174 2315 plus
2216 2218 2433 2287 minus
2486 2214 2779 2289 evidenti
2834 2214 3077 2287 erectis
3104 2215 3759 2313 oblongo—obovatis
3795 2214 4196 2288 densissime
4225 2217 4486 2313 stipatis

1215 2336 1804 2409 numerosissimis.
1901 2330 2361 2431 Hologonidia
2417 2334 2694 2406 materie
2743 2332 3105 2429 granulosa
3155 2332 3446 2430 repleta,
3498 2334 3884 2432 perisporio
3937 2331 4207 2434 hyalino
4262 2330 4483 2404 solido

1220 2451 1630 2526 circumdata
1685 2461 1755 2523 et
1808 2450 2036 2548 quoad
2088 2450 2481 2524 diametrum
2536 2448 2806 2548 pinnula
2858 2449 3063 2548 2-plo
3112 2449 3153 2520 l.
3206 2447 3410 2549 3-plo
3464 2453 3869 2548 angustiora.

1530 2582 1784 2664 Quoad
1854 2584 2125 2656 thallum
2193 2583 2365 2657 haec
2439 2585 2713 2682 species
2766 2610 2801 2654 a
2858 2579 3034 2681 Spb.
3082 2582 3410 2681 globifera
3482 2609 3615 2656 non
3669 2586 3734 2655 iu
3789 2583 4007 2655 multis
4062 2582 4314 2669 differt,
4366 2581 4492 2655 sed

1224 2703 1641 2778 fructificatio
1726 2703 1927 2802 longe
2004 2701 2148 2773 alia.
2249 2699 2403 2773 Fila
2455 2699 2562 2772 illa
2613 2726 2879 2772 ramosa
2947 2699 3490 2802 parapbysoidea
3547 2698 3722 2799 Spb.
3776 2701 4182 2798 globil'erae,
4237 2701 4488 2798 quibus

1224 2821 1483 2894 adnexa
1540 2831 1695 2893 sunt
1739 2818 2211 2918 bologonidia,
2268 2819 2333 2889 in
2384 2817 2515 2890 hac
2565 2820 2800 2915 specie
2858 2821 3129 2890 omnino
3185 2816 3669 2892 desiderantur.
3778 2815 4121 2897 Quantum
4169 2816 4488 2916 equidem

1225 2940 1596 3012 observare
1646 2940 1872 3037 potui,
1925 2963 2157 3011 verum
2209 2935 2404 3009 adest
2455 2935 2995 3033 sporophorum,
3047 2937 3153 3006 cui
3202 2939 3619 3011 extremitate
3644 2935 3936 3010 inferiori
3997 2950 4066 3010 et
4121 2937 4490 3033 angustiori

1225 3054 1486 3129 adnexa
1537 3069 1689 3130 sunt
1748 3054 2204 3154 hologonidia.

2044 3362 2141 3447 ΙΙ.
2235 3361 3354 3447 CHLOROSPOREAE
3424 3364 3674 3446 Thur.

2257 3580 2565 3655 xxxn.
2646 3580 3266 3657 cAuLERPA
3319 3583 3458 3680 Ag.

1636 3736 1699 3810 1.
1784 3734 2208 3810 emuna
2259 3732 2794 3833 (Cmuvmes)
2853 3733 3093 3809 Amss
3144 3734 3432 3808 Aresck.

1528 3867 1755 3943 Caule
1805 3875 2110 3966 repente
2161 3889 2563 3966 squamoso
2618 3864 2940 3941 frondes-
2970 3874 3254 3941 erectas
3301 3876 3638 3969 gerente,
3693 3866 4079 3943 frondibus
4132 3867 4487 3970 elongatis

1227 3983 1900 4084 circumscriptione
1986 3982 2407 4058 subconicis
2478 3983 2824 4058 ramentis
2904 3982 3262 4084 spiraliter
3328 3982 3676 4058 ordinatis
3726 3983 3957 4059 dense
4009 3983 4321 4073 vestitiS,
4374 4010 4486 4059 ra·

1226 4103 1487 4179 mentis
1540 4101 1882 4204 oblongis
1935 4099 2272 4201 pinnatis,
2335 4099 2574 4199 pinnis
2626 4099 3126 4200 suboppositis
3181 4099 3648 4200 simplicibus.

1526 4233 1655 4310 Ad
1707 4258 1912 4308 oram
1965 4233 2353 4310 australem
2396 4231 2653 4309 Novae
2704 4232 3177 4323 Hollandiae,
3234 4235 3310 4310 in
3356 4234 3517 4310 sinu
3571 4237 3748 4310 Port
3796 4233 4076 4335 Phillip.

1531 4368 1764 4444 Caulis
1808 4373 2161 4470 primarius
2198 4397 2482 4471 repens,
2535 4383 2748 4457 tereS‚
2800 4370 3037 4442 lineam
3096 4373 3363 4445 circiter
3414 4371 3741 4447 diametro
3788 4400 4119 4471 aequanS,
4174 4374 4320 4445 sine
4367 4371 4490 4444 du-

1226 4491 1339 4563 bio
1390 4490 1853 4588 longissimus,
1916 4515 2259 4577 ramosus,
2335 4491 2635 4588 squamis
2697 4490 3024 4563 teretibus
3078 4488 3427 4588 adpressis
3484 4490 3803 4586 (residuis
3857 4502 4312 4564 ramentorum
4370 4489 4490 4564 de-

1224 4612 1557 4704 jectorum
1576 4607 1637 4700 ?)
1689 4604 1987 4705 undique
2038 4607 2384 4692 obtectus,
2441 4604 2765 4680 deorsum
2810 4604 3077 4680 radices
3124 4605 3646 4682 subdicbotome
3696 4634 4032 4695 ramosas,
4085 4619 4490 4692 attenuatas,

1224 4750 1490 4798 sursum
1569 4722 1846 4796 frondes
1917 4735 2180 4796 erectas
2231 4723 2387 4821 plus
2435 4726 2653 4796 minus
2707 4720 3032 4797 distantes
3085 4723 3126 4795 l.
3185 4727 3686 4823 approximatas
3740 4727 4070 4799 emittens.
4171 4724 4493 4799 Frondes

1222 4843 1626 4942 plerumque
1677 4840 2053 4938 simplices,
2108 4866 2235 4912 una
2289 4840 2327 4912 l.
2383 4841 2587 4914 altera
2644 4843 2977 4914 rarissime
3030 4844 3094 4912 in
3152 4841 3327 4915 duos
3378 4870 3603 4916 ramos
3656 4844 3902 4930 divisa,
3946 4844 4182 4937 (veluti
4217 4855 4493 4916 truncus

1225 4960 1495 5034 Abietis
1524 4957 1923 5051 interdum),
1961 4959 2091 5030 ima
2137 4960 2280 5031 basi
2314 4962 2630 5032 ramentis
2660 4957 3015 5032 destitutae
3039 4958 3429 5060 ibidemque
3459 4964 3757 5060 squamis
3783 4962 4149 5035 imbricatis
4180 4965 4494 5048 vestitae,

1225 5079 1418 5151 altius
1474 5080 1790 5149 ramentis
1847 5074 2263 5149 densissimis
2310 5076 2645 5174 spiraliter
2675 5076 3078 5150 exeuntibus
3108 5078 3471 5167 obsessae,
3498 5080 4123 5176 circumscriptione
4153 5079 4494 5178 oblongo·

1225 5196 1673 5279 subc-nicae,
1726 5194 2006 5265 sormam
2065 5191 2334 5265 Abietis
2385 5196 2657 5267 omnino
2715 5192 3119 5280 referentes,
3173 5195 3303 5267 6-9
3337 5197 3623 5295 pollices
3650 5197 3895 5296 longae
3948 5210 4018 5270 et
4068 5221 4291 5294 usque
4327 5196 4494 5269 duas

1226 5316 1458 5386 uncias
1509 5310 1837 5384 diametro
1894 5312 2267 5385 metientes.
2366 5306 2701 5386 Ramenta
2749 5311 3130 5409 pollicaria,
3185 5311 3815 5389 subhorizontaliter
3864 5313 4312 5414 egredientia,
4367 5318 4492 5388 cir·
