4984 6517
2588 1277 3279 1355 ADDENDA:

1327 1553 1387 1624 1.
1517 1551 1978 1624 PoLYronus
2029 1549 2515 1650 (PBTALom.)
2561 1573 2992 1626 nmmnrmu.
3095 1548 3348 1624 Berk.!
3404 1548 3606 1624 Cent.
3661 1548 3745 1623 11.
3803 1574 3871 1624 n.
3921 1551 4081 1624 124.

1620 1691 1746 1767 Ad
1798 1717 2037 1792 specc.
2091 1691 2183 1766 ab
2230 1691 2503 1791 optimo
2554 1694 2885 1768 Auctore
2961 1693 3181 1769 inissa
3246 1717 3466 1768 verus
3520 1701 3632 1769 est
3675 1692 4101 1794 Polyporus
4156 1736 4250 1752 -
4305 1705 4375 1770 et
4425 1696 4541 1770 de-

1526 1808 1786 1884 lendus
1861 1810 2049 1885 inter
2130 1809 2578 1910 Polystictos
2652 1811 3081 1912 discipedeS.
3219 1810 3430 1886 Poris
3494 1808 3690 1886 haud
3743 1810 4298 1887 decurrentibus
4347 1812 4542 1888 valde

1524 1927 1663 2002 insi
1769 1927 1863 2002 ’s!

1327 2072 1394 2142 2.
1436 2042 1450 2059 ⁰
1527 1953 1994 2145 Poffionus
2046 2090 2375 2144 emerus
2477 2066 2731 2143 Berk.!
2782 2067 2858 2142 in
2907 2069 3099 2143 Ann.
3160 2067 3252 2142 H.
3309 2065 3464 2142 Nat.
3518 2068 3572 2141 1.
3628 2092 3697 2167 p.
3755 2068 3873 2143 43.
3929 2075 3974 2142 t.
4027 2069 4096 2142 2.
4149 2067 4196 2143 s.
4244 2069 4309 2143 3.

1630 2216 1933 2317 Fungus
1986 2211 2507 2297 nobilissimum
2589 2210 2759 2311 pilei
2826 2210 3328 2287 indumentum
3382 2220 3462 2287 ut
3527 2211 3601 2287 in
3677 2210 4094 2313 Polystictis
4167 2212 4546 2301 funalibuS,

1533 2333 1670 2409 sed
1716 2331 2146 2433 hymenium
2191 2329 2581 2431 Polypori!

1177 2561 1188 2569 ,
1334 2484 1401 2557 3.
1533 2483 1958 2560 Tamus
2009 2500 2538 2557 crunnum.
2639 2475 2891 2550 Berk.!
2949 2473 3149 2549 Ceut.
3207 2472 3261 2546 Ι.
3318 2497 3385 2547 n.
3440 2472 3558 2546 83.

1630 2624 1706 2697 A
1766 2625 2087 2696 Tramete
2133 2621 2356 2695 lactea
2408 2617 2648 2692 differt
2700 2616 2895 2717 pileo
2954 2614 3334 2715 applanato
3411 2612 3761 2715 poi-isque
3816 2610 4088 2714 (multis
4139 2606 4554 2708 linearibus)

1537 2739 2009 2818 tenuioribus.

1340 2886 1407 2957 4.
1530 2883 1953 2957 Tammzs
2003 2897 2607 2954 Pntmssrusz.
2711 2871 2962 2946 Berk.!
3018 2873 3217 2947 Cent.
3265 2870 3319 2944 Ι.

1639 3019 1930 3094 Eximia
1999 3017 2182 3092 haec
2256 3011 2543 3114 species
2621 3011 2981 3086 inseratur
3045 3013 3258 3108 juxta
3316 3010 3396 3081 Τ.
3457 3006 3851 3082 Zebrinam.
3958 3004 4281 3107 Utraque
4331 3003 4562 3079 transit

1545 3139 1639 3215 ad
1685 3146 1858 3213 sect.
1911 3137 1979 3172 ‘⁸'
2030 3181 2123 3193 —
2177 3131 2302 3207 Ad
2346 3132 2727 3205 Trametes
2776 3134 3124 3202 contextu
3167 3124 3437 3227 pallido
3488 3125 3798 3226 pertinet
3855 3128 3976 3200 Tr.
4028 3128 4369 3199 laiss-ima
4416 3122 4559 3208 Fr„

1544 3257 1680 3334 sub
1733 3255 2031 3355 Polyp„
2084 3251 2373 3329 diversa
2425 3274 2467 3323 a
2529 3252 2653 3322 Tr.
2707 3249 2882 3320 laevi
2929 3244 3187 3319 Berk.!

1209 3426 1220 3434 “
1349 3398 1415 3473 5.
1548 3398 2079 3472 ΤΗΠΕΡΗΟΒΑ
2133 3414 2604 3476 GALACTINA,
2661 3387 3104 3489 resupinata,
3163 3388 3304 3464 late
3356 3386 3615 3473 effusa,
3669 3384 4100 3472 incrustans‚
4155 3383 4565 3460 colliculosa

1540 3514 1822 3617 glabra,
1876 3511 2136 3597 lactea,
2188 3509 2459 3584 ambitu
2508 3505 3082 3582 indeterminato.

1644 3656 1769 3732 Ad
1816 3665 2082 3729 terram
2114 3657 2328 3753 juxta
2373 3652 2627 3729 fossas.
2741 3653 2983 3730 Cur-tis
3035 3677 3102 3726 n.
3169 3652 3378 3725 1601.

1649 3800 1961 3876 Crustam
2016 3804 2185 3875 sistit
2234 3800 2363 3877 late
2407 3813 2475 3873 et
2524 3799 3022 3874 indeterminate
3077 3797 3386 3884 effusam,
3459 3824 3608 3870 cum
3695 3821 3892 3869 arena
3960 3797 4232 3868 omnino
4300 3821 4568 3868 concre-

1550 3938 1880 4004 srentfflm
1937 3923 2001 3994 in
2064 3923 2217 3993 vivo
2270 3918 2572 4006 mollem,
2646 3923 2711 3992 in
2797 3921 2994 3993 siccis
3049 3917 3413 3990 induratam
3493 3927 3560 3988 et
3606 3916 3984 4013 contiguam
4046 3941 4238 3987 more
4289 3915 4567 4013 generis.

1558 4042 1746 4114 Ilm-r„-
1806 4039 1890 4111 ad
1942 4037 2074 4110 Th.
2126 4039 2405 4140 pallidas
2457 4036 2897 4110 Americanas
2946 4064 3007 4108 v.
3066 4057 3125 4107 c.
3189 4033 3314 4106 Th.
3358 4035 3758 4119 candidam,
3797 4034 4150 4133 pallidam
4204 4045 4333 4106 etc.
4384 4058 4568 4104 acce·

1558 4162 1678 4242 dit..F
1738 4178 1802 4230 ut
1869 4158 1993 4230 Th.
2051 4174 2411 4230 crustacea
2466 4169 2535 4230 et
2589 4165 2816 4230 caesia
2861 4154 2946 4228 ad
2997 4152 3396 4253 Europaeas
3447 4152 3689 4225 fuscas.
