4984 6517
901 778 970 855 A
1018 778 1322 877 thn‘a
1381 775 1690 878 Gompho
1739 772 1880 874 (El.
1931 773 2002 848 2.
2051 802 2121 875 p.
2172 771 2307 874 54)
2374 772 2462 846 ad
2534 773 2632 847 X.
2713 789 2991 848 curtam
3047 786 3266 850 exstat
3334 773 3540 876 longa
3615 790 3686 853 et
3734 801 3853 847 na-

806 900 1198 975 turalissima
1267 898 1479 971 series
1535 895 1914 996 specierum
1972 892 2563 980 nobilissimarum
2646 892 2770 967 sed
2844 896 3218 970 accuratior
3272 908 3343 971 et
3396 897 3850 996 comparativa

806 1020 1100 1091 omnium
1153 1016 1400 1090 revisio
1451 1014 1832 1090 necessaria
1882 1024 2004 1087 est.
2109 1007 2294 1085 Utile
2347 1010 2525 1084 duco
2574 1011 2892 1086 hocloco
2945 1013 3343 1113 recolligere
3392 1018 3681 1116 species,
3721 1015 3851 1088 sub

804 1135 1140 1238 Sphaeria
1169 1133 1531 1207 admodum
1581 1133 1958 1232 dispersas,
2011 1130 2099 1204 ad
2148 1128 2571 1228 Xyloglossa
2595 1129 2999 1206 referendas.
3102 1129 3280 1205 Sunt
3320 1147 3591 1233 praeter
3642 1158 3847 1233 supra

805 1255 1181 1354 descriptas
1233 1253 1272 1325 Ι.
1324 1251 1646 1325 indicatas
1693 1249 1939 1339 saltim,
1991 1258 2075 1324 X.
2134 1260 2480 1346 gigantea
2556 1246 2861 1349 Zippel.,
2907 1258 2990 1324 X.
3044 1248 3369 1327 tabacina
3429 1250 3657 1325 Kickx
3708 1248 3845 1348 (aff.

803 1402 864 1449 u.
921 1376 1030 1472 1),
1079 1379 1164 1446 X.
1234 1372 1591 1446 Gardneri
1656 1365 1867 1443 Berk.
1914 1366 2095 1443 Dec.
2151 1397 2215 1442 n.
2275 1368 2451 1456 190,
2528 1374 2614 1441 Χ.
2662 1367 3086 1457 allantodia,
3160 1378 3244 1444 X.
3307 1372 3682 1470 Teffairii,
3758 1377 3843 1447 X.

804 1489 1086 1566 obovata
1141 1488 1352 1564 Berk.
1400 1491 1469 1562 in
1523 1486 1703 1561 Anu.
1751 1484 1927 1561 Hist.
1981 1484 2142 1560 Nat.
2197 1484 2319 1561 III.
2370 1516 2436 1587 p.
2490 1484 2673 1575 397,
2747 1494 2831 1561 X.
2881 1499 3291 1584 gaianensis
3369 1487 3593 1563 Mont.
3646 1486 3842 1563 Ceut.

801 1609 885 1685 Π.
935 1639 1002 1684 n.
1051 1609 1183 1697 27,
1250 1615 1333 1682 X.
1383 1623 1859 1703 enterogenum
1918 1606 1958 1678 Ι.
2012 1632 2070 1679 c.
2123 1633 2188 1678 n.
2241 1604 2374 1694 25,
2455 1613 2540 1679 X.
2589 1604 2935 1679 rhizocola
2986 1608 3030 1680 l.
3079 1635 3136 1682 c.
3180 1637 3245 1682 n.
3298 1610 3430 1697 28,
3513 1611 3647 1682 ΡΧ.
3688 1617 3845 1680 ani-

801 1730 1196 1830 sopleurum
1248 1727 1288 1800 Ι.
1344 1754 1402 1800 c.
1454 1754 1518 1799 n.
1577 1724 1674 1797 32
1732 1736 1860 1798 etc.
1964 1722 2250 1799 Tribum
2324 1752 2569 1798 novam
2647 1724 2966 1800 exhibere
3013 1727 3323 1801 videntur
3372 1729 3642 1829 species
3697 1728 3845 1800 basi

796 1847 1045 1948 peltata
1120 1846 1434 1932 adnatae,
1509 1869 1786 1942 quarum
1861 1841 1925 1914 h.
1991 1841 2031 1914 l.
2096 1841 2400 1916 citandae
2465 1850 2550 1916 X.
2618 1843 2971 1917 clavulata
3045 1842 3278 1918 Schw.
3340 1843 3500 1918 Am.
3551 1873 3619 1946 p.
3681 1845 3843 1918 188.

802 1967 1073 2039 omnino
1119 1964 1466 2051 mirabiliS,
1513 1969 1596 2035 X.
1627 1961 2030 2061 platypoda
2078 1956 2359 2034 Leveill.
2412 1960 2452 2032 Ι.
2512 1987 2570 2034 c.
2615 1960 2829 2034 1845.
2878 1959 2930 2034 Ι.
2978 1989 3047 2063 p.
3105 1963 3240 2053 40,
3293 1970 3366 2036 X
3405 1962 3841 2065 hyperythra

799 2081 1023 2157 Mont.
1078 2082 1275 2157 Ceut.
1327 2078 1415 2155 II.
1466 2109 1530 2154 n.
1571 2081 1690 2153 26.
1799 2079 1939 2154 Cfr.
1994 2075 2315 2152 Ceterum
2371 2076 2940 2180 Rhizomorphas.

662 2283 677 2301 .
801 2227 890 2302 X.
949 2227 1421 2326 (Xuocon.)
1475 2244 1971 2309 usnam-rs,
2063 2219 2294 2296 dense
2360 2222 3154 2324 caespitem-connata,
3209 2224 3601 2314 fistulosal,
3655 2236 3838 2314 atra,

797 2342 1154 2445 stipitibus
1205 2340 1558 2444 elongatis
1615 2339 2583 2442 compresso-inaequalibus
2633 2367 2677 2417 e
2721 2342 3020 2445 leproso
3084 2341 3455 2445 glabratiS,
3537 2343 3834 2421 clavulis

801 2459 1159 2564 contiguis
1204 2458 1553 2534 brevibus
1606 2457 1946 2560 oblongis
2000 2456 2511 2558 cylindricisve
2543 2458 2823 2537 obtusis
2867 2461 3577 2563 papilloso·scabri8,
3642 2462 3838 2563 peri-

799 2577 1051 2656 theciis
1098 2576 1459 2652 immersis
1502 2574 1977 2677 periphericis
2027 2574 2358 2679 globosis
2375 2635 2394 2663 ,
2450 2577 2729 2655 ostiolis
2778 2579 3464 2682 papillaeformibuS.

897 2722 1026 2800 Ad
1075 2729 1375 2797 truncos
1424 2696 1500 2795 in
1559 2722 1781 2796 Costa
1828 2721 2027 2796 Rica.
2141 2708 2408 2796 ῥηταί.

899 2865 1265 2942 Manifeste
1316 2865 1525 2940 affinis
1575 2874 1658 2940 X.
1706 2893 2077 2966 scruposae
2142 2864 2280 2963 (El.
2331 2894 2400 2967 p.
2445 2864 2579 2965 55)
2633 2878 2703 2939 et
2763 2873 2846 2940 X.
2902 2866 3276 2970 multiplici
3324 2864 3550 2967 (Linn.
3623 2867 3837 2941 1830.

802 3014 867 3089 p.
918 2987 1137 3086 536)·,
1184 2986 1508 3087 plurimae
1553 2984 1752 3083 hujus
1804 2985 2033 3085 gregis
2085 2983 2297 3059 dense
2349 2985 3229 3085 caespitoso-fasciculatae,
3274 2988 3441 3061 aliae
3491 3012 3656 3060 vero
3682 3013 3745 3059 v.
3777 3011 3836 3060 c.

802 3113 882 3181 X.
932 3105 1380 3203 comfformis
1427 3101 1537 3176 El.
1594 3105 1934 3204 simplices
1989 3115 2157 3177 sunt.
2262 3100 2335 3176 A
2384 3105 2592 3204 priori
2657 3106 2866 3203 stirpe
2914 3103 3264 3205 fragilitate
3311 3116 3379 3178 et
3424 3108 3557 3203 jam
3606 3103 3838 3178 habitu

808 3237 1105 3300 ceterum
1157 3223 1491 3312 differunt,
1545 3223 1805 3323 stipites
1856 3249 1984 3323 per
2032 3232 2316 3295 aetatem
2351 3247 2561 3321 saepe
2588 3222 3050 3320 glabrescunt,
3102 3236 3174 3297 ut
3230 3250 3270 3298 e
3313 3235 3472 3297 nota
3521 3223 3838 3298 artificiali

803 3342 990 3418 facile
1039 3341 1540 3418 confundantur.
1603 3383 1698 3398 -—
1748 3338 2092 3416 Praesens
2142 3339 2504 3413 admodum
2562 3340 2810 3441 fragilis
2891 3355 3029 3432 est,
3090 3343 3267 3417 intus
3316 3354 3457 3415 tota
3522 3344 3836 3418 continue

803 3461 1116 3536 fistulosa.
1220 3457 1505 3560 Stipites
1558 3458 1955 3535 densissime
2008 3462 2261 3561 stipati,
2343 3459 2489 3533 basi
2548 3462 2885 3559 conjuncti
2949 3473 3019 3535 et
3078 3486 3288 3562 saepe
3358 3488 3835 3536 ramoso-con-

804 3592 1187 3654 crescentes
1240 3590 1674 3677 ceteramque
1718 3579 1915 3653 valde
1968 3579 2342 3652 difformes:
2428 3581 2840 3678 compressi,
2923 3581 3244 3679 angulati,
3297 3607 3506 3681 saepe
3555 3582 3836 3656 torulosi

801 3711 866 3772 et
919 3698 1239 3786 flexuosi,
1298 3698 1559 3771 unciam
1612 3708 1680 3770 et
1741 3697 1907 3770 ultra
1955 3697 2171 3796 longi,
2229 3696 2335 3769 liu.
2390 3697 2656 3771 circiter
2694 3699 2962 3785 -crassi,
3035 3725 3173 3772 non
3233 3697 3505 3799 quidem
3582 3700 3834 3789 villosi,

795 3818 920 3893 sed
966 3819 1273 3919 primitus
1324 3816 1651 3890 velamine
1705 3813 2483 3916 subleproso·adpresso
2561 3815 2754 3890 fusco
2836 3814 3133 3891 obducti.
3238 3814 3560 3892 Clavulae
3611 3844 3651 3892 a
3702 3823 3832 3893 sti-

791 3940 965 4037 pite,
1023 3939 1091 4010 in
1145 3962 1282 4036 quo
1336 3931 1705 4035 perithecia
1757 3961 1993 4034 sparsa
2045 3933 2497 4021 descendunt,
2555 3962 2692 4008 non
2773 3935 3136 4025 discretae,
3185 3962 3314 4037 pro
3367 3940 3623 4012 ratione
3671 3965 3831 4039 par-

792 4082 955 4143 vae,
1006 4081 1244 4156 parum
1325 4052 1663 4152 turgidae,
1715 4054 1826 4125 vix
1876 4051 2044 4125 ultra
2087 4052 2134 4123 2
2186 4053 2294 4126 lin.
2346 4080 2649 4142 crassae,
2697 4056 3084 4156 inaequales
3135 4055 3387 4144 nudae,
3431 4056 3833 4156 fastigiatae,

786 4187 997 4249 atrae.
1098 4170 1480 4245 Perithecia
1531 4174 1598 4245 in
1650 4182 1856 4245 strato
1907 4172 2085 4244 tenui
2127 4171 2557 4272 peripherico
2615 4175 2807 4271 nigro
2861 4176 3148 4262 minora,
3197 4174 3521 4274 globosa,
3598 4175 3834 4253 leviter

779 4291 1183 4392 prominula.
1283 4286 1456 4364 Asci
1508 4292 1834 4378 resorbti‚
1886 4314 2133 4388 sporae
2186 4290 2562 4390 oblongae,
2618 4292 2965 4381 curvulae‚
3011 4319 3289 4392 opacae.

783 4480 885 4557 X.
941 4482 1412 4584 (Xuocon.)
1461 4504 1922 4558 Mmmux.
2029 4480 2238 4556 Fries
2287 4480 2364 4556 in
2406 4479 2613 4557 Linn.
2676 4480 2720 4558 l.
2774 4508 2835 4559 c.
2893 4481 3245 4585 Sphaeria
3288 4486 3529 4559 Kunz.
3578 4482 3653 4558 in
3702 4482 3823 4559 litt.

886 4624 969 4699 In
1018 4624 1291 4700 truncis
1340 4623 1416 4698 in
1467 4622 1787 4700 Mexico.
1893 4623 2245 4722 Hb'gberg.

899 4772 982 4839 X.
1036 4765 1385 4865 antilopea
1438 4778 1506 4838 et
1555 4772 1638 4838 X.
1692 4774 1942 4866 retipes
1998 4779 2068 4839 et
2130 4765 2355 4863 stipite
2418 4790 2754 4863 seruposo
2808 4775 2878 4837 et
2943 4763 3369 4861 vegetatione
3408 4763 3831 4862 potissimum

791 4880 988 4979 buius
1039 4885 1271 4983 gregis
1323 4895 1492 4956 sunt.
1550 4880 1830 4957 Leveill.
1883 4885 1923 4956 l.
1972 4909 2030 4956 c.
2090 4883 2302 4956 1846.
2353 4881 2405 4956 I.
2464 4910 2533 4982 p.
2587 4881 2757 4968 256,
2810 4878 2959 4957 257
3004 4882 3133 4955 sub
3184 4877 3357 4979 Sph.

791 5023 879 5098 X.
928 5026 1452 5128 (Xnonac'r.)
1501 5050 1984 5103 mcuoroms.
2096 5025 2320 5101 Mont.
2376 5025 2558 5101 Cub.
2608 5053 2677 5129 p.
2735 5024 2903 5101 351.
2961 5035 3005 5102 t.
3062 5028 3174 5102 13.
3222 5024 3268 5101 s.
3310 5026 3375 5100 3.

891 5172 974 5247 In
1022 5171 1329 5248 Antillis.
1435 5177 1737 5250 Persoon
1783 5173 1922 5251 sub
1973 5173 2538 5276 Rhizomorpha.

894 5311 1024 5389 Est
1067 5340 1108 5389 e
1154 5319 1365 5417 stirpe
1418 5325 1502 5392 X.
1558 5317 1898 5421 hypoaeyli
1944 5318 2125 5422 (L.),
2175 5330 2282 5447 Χ..
2317 5322 2728 5425 carpophila
2770 5326 3061 5409 tenuior,
3118 5334 3187 5397 et
3235 5349 3518 5398 ramosa.
3559 5367 3646 5380 --
3698 5320 3808 5395 Ad
