4984 6517
3467 573 3638 662 &ss

1586 884 1675 987 Ι.
1771 879 2648 989 FUCAOEAE.

1781 1157 1836 1239 Ι.
1932 1156 2450 1240 FUGEAE.

1435 1352 1489 1428 1.
1569 1351 2517 1430 CARPOPHYLLUM
2573 1355 2782 1430 (ἔναυ.

884 1503 946 1573 1.
1040 1495 1683 1572 CARPOPRYLLUM
1728 1516 2074 1571 scamas
2126 1523 2185 1569 υ.
2243 1495 2456 1568 Suhr.
2515 1540 2609 1557 --
2660 1496 2736 1570 J.
2784 1496 2925 1592 Ag.
2978 1524 3138 1593 gen.
3188 1527 3293 1599 sp.
3351 1511 3402 1576 Ι.
3445 1529 3528 1602 p.
3584 1509 3739 1581 265.

776 1641 857 1715 In
910 1639 1072 1715 sinu
1120 1642 1299 1715 Port
1347 1637 1554 1716 Natal
1602 1638 1895 1738 species
1947 1662 2097 1712 non
2141 1638 2588 1739 infrequens,

774 1755 1191 1874 Fragmenta
1256 1777 1504 1875 plantae
1565 1776 1709 1848 sola
1766 1778 1833 1847 in
1882 1775 2243 1861 herbariis3
2334 1801 2488 1875 quae
2560 1775 2995 1875 possidemus
3055 1776 3469 1875 longitudine
3521 1806 3740 1880 usque

473 1893 773 1994 pedalia,
848 1895 1018 1966 callo
1099 1895 1370 1967 radicali
1450 1893 2097 1993 subhemisphaerico
2153 1895 2353 1966 ramis
2402 1892 2657 1967 inferne
2697 1896 3079 1967 incrassatis
3133 1899 3509 1995 compactis
3575 1925 3740 1972 con-

471 2025 748 2086 structo.
854 2010 1097 2113 Phylla
1176 2011 1727 2111 receptaculisera
1794 2013 1859 2084 in
1929 2014 2278 2110 pinnarum
2358 2013 2581 2099 axilla,
2670 2013 2891 2111 pinnis
2970 2013 3370 2112 plerumque
3423 2016 3739 2090 breviora
3795 2049 3798 2052 ·

474 2156 885 2229 semperque
941 2133 1359 2229 angustiora,
1414 2131 1653 2203 lineam
1708 2156 1836 2228 pro
1893 2156 2119 2216 more,
2167 2156 2318 2202 raro
2375 2129 2576 2216 duas,
2621 2128 3034 2228 longitudine
3105 2135 3466 2229 aequantia3
3544 2149 3739 2208 rece-

470 2250 739 2348 ptacula
768 2276 947 2321 nunc
976 2249 1299 2350 simplicia
1321 2306 1339 2335 ,
1388 2275 1569 2321 nunc
1619 2275 1919 2335 ramosa,
1969 2250 2034 2320 in
2069 2248 2428 2320 fasciculos
2459 2249 2695 2319 lineam
2733 2247 2772 2317 l.
2807 2248 3213 2322 semilineam
3247 2253 3504 2324 circiter
3536 2252 3739 2340 altos,

476 2370 787 2466 utrinque
858 2369 923 2439 in
1001 2369 1302 2465 margine
1376 2366 1782 2467 phyllorum,
1839 2368 2122 2440 seriatos
2176 2365 2479 2438 collecta.
2586 2361 2957 2466 Scaphidia
3010 2367 3192 2438 nudo
3249 2370 3448 2440 oculo
3503 2368 3741 2442 incon-

468 2487 705 2584 spicua
769 2487 836 2557 in
907 2484 1490 2583 receptaculorum
1568 2486 1877 2584 apicibus
1944 2483 2514 2582 capitato-inflatis
2566 2484 3002 2556 verruculosa
3065 2486 3380 2583 poroque
3430 2498 3740 2586 pertusa,

468 2629 672 2676 ascos
721 2629 985 2702 paucos
1042 2603 1164 2674 filis
1237 2602 1803 2704 paraphysoideis
1865 2603 2282 2701 simplicibus
2335 2602 2372 2673 l.
2427 2602 2977 2700 subsimplicibus
3029 2603 3480 2699 circumdatos
3527 2606 3737 2677 inclu-
3825 2609 3830 2616 ⁴

467 2723 708 2796 dentia.
817 2720 1250 2808 Antheridia,
1303 2723 1359 2794 si
1415 2747 1645 2794 verum
1700 2722 1998 2806 videam,
2050 2722 2112 2792 in
2168 2719 2452 2792 diversis
2503 2719 2808 2816 ejusdem
2836 2720 3083 2817 plantae
3127 2721 3524 2820 scaphidiis,
3554 2722 3735 2797 unde

462 2842 693 2940 planta
746 2842 1091 2927 monoica,
1147 2839 1700 2938 ovato-elongata
1747 2851 1815 2912 et
1857 2839 1944 2911 ad
1997 2838 2100 2909 fila
2155 2836 2704 2940 paraphysoidea
2751 2838 3043 2912 lateralia
3084 2838 3124 2912 l.
3177 2840 3474 2937 apicalia.

1583 3031 1670 3105 Π.
1758 3029 2347 3105 SCABERIA
2409 3032 2611 3106 θνα).

872 3173 934 3244 1.
1016 3169 1406 3245 Semnum
1464 3170 1869 3245 AGAunmr
1940 3171 2141 3244 Grev.
2200 3211 2291 3225 —
2342 3171 2413 3245 J.
2473 3171 2616 3267 Ag.
2674 3172 2719 3244 I.
2772 3200 2827 3244 c.
2867 3200 2953 3275 p.
3015 3178 3171 3248 252.

766 3313 1026 3390 Planta
1076 3314 1169 3389 ad
1218 3322 1440 3389 totam
1496 3312 1749 3389 Novae
1801 3311 2238 3389 Hollandiae
2280 3338 2485 3388 oram
2526 3311 3081 3390 meridionalem
3113 3322 3312 3388 certe
3345 3310 3730 3413 frequenS,

461 3431 1051 3534 frequentissima
1088 3431 1378 3507 videtur
1427 3431 1499 3506 in
1552 3437 1710 3507 sinu
1769 3434 1947 3506 Port
2008 3429 2402 3517 Adelaide,
2460 3430 2659 3506 unde
2713 3432 3004 3532 saepius
3057 3431 3273 3507 nobis
3326 3429 3531 3505 allata
3580 3429 3726 3506 fuit.

772 3567 1007 3643 Callus
1058 3568 1362 3642 radicalis
1413 3568 1867 3654 AuctoribuS,
1916 3581 1990 3640 ut
2043 3567 2326 3653 videtur,
2359 3568 2664 3665 ignotus,
2717 3579 2823 3640 est
2867 3567 3301 3654 disciformis,
3351 3567 3490 3642 sere
3519 3594 3733 3641 mem-

469 3688 1200 3760 branaceo-coriaceus
1249 3714 1377 3786 per
1430 3691 1769 3760 matricem
1806 3712 2179 3784 expansus3
2227 3713 2311 3757 ex
2341 3685 2474 3757 hoc
2502 3689 2803 3784 exsurgit
2840 3686 3046 3758 caulis
3079 3687 3379 3782 primitus
3414 3686 3734 3784 simplex,

470 3818 535 3877 at
591 3831 784 3891 mox,
837 3809 875 3877 i.
936 3831 997 3877 e.
1051 3806 1482 3878 semiunciam
1536 3806 1577 3876 l.
1636 3807 1893 3877 unciam
1952 3806 2216 3875 circiter
2273 3830 2476 3902 supra
2520 3804 2794 3888 callum,
2831 3803 2901 3874 fit
2955 3800 3390 3877 fasciculatim
3415 3805 3731 3876 ramosis-

469 3926 711 4008 simus,
765 3926 963 3995 ramis·
1018 3922 1270 3996 scilicet
1327 3923 1657 4021 elongatis
1711 3923 1964 3995 inferne
2045 3920 2241 3993 nudis
2293 3922 2533 3993 iterum
2584 3924 2961 4019 iterumque
3016 3920 3443 3993 dichotomo-
3473 3927 3570 4015 (at
3599 3948 3733 3993 non

461 4042 921 4140 fasciculato-)
974 4047 1291 4127 ramosis,
1353 4067 1489 4140 quo
1544 4041 1771 4139 planta
1832 4039 2123 4137 denique
2175 4036 2635 4136 pluripedalis.

1347 4228 1465 4301 III.
1550 4225 2478 4304 PHYLLOTRICHA
2532 4227 2818 4301 Arest-lt.

757 4368 996 4442 Frons
1079 4378 1156 4442 ut
1232 4367 1479 4443 solium
1558 4368 2055 4470 pinnatifidum
2130 4369 2483 4444 exoriens
2555 4368 2880 4469 denique
2944 4368 3016 4444 in
3072 4368 3386 4456 caulem,
3445 4394 3489 4443 e
3542 4368 3727 4444 callo

453 4483 753 4560 radicati
829 4485 1071 4561 solido
1121 4484 1702 4586 hemisphaerico
1756 4495 2314 4587 exsurgentem,
2369 4496 2443 4561 et
2488 4485 2662 4560 folia
2712 4485 3043 4560 discreta.
3153 4484 3398 4559 Caulis
3446 4485 3730 4562 inferne

454 4626 933 4703 compressus
1009 4608 1125 4703 (=
1165 4603 1403 4679 rachis
1456 4604 1608 4680 solii
1658 4603 2058 4703 pinnatifidi
2131 4603 2518 4703 primarii),
2574 4629 2620 4678 e
2669 4602 2996 4705 margine
3060 4627 3308 4677 ramos
3384 4602 3732 4679 distichos

448 4721 813 4795 emittens,
925 4720 1136 4795 Rami
1197 4721 1514 4824 elongati
1585 4720 2176 4823 tereti-angulati,
2227 4720 2550 4822 undique
2604 4720 2899 4795 ramulis
2946 4719 3252 4795 obsessi.
3356 4720 3567 4795 Folia
3622 4722 3733 4796 in-

459 4838 733 4913 feriora
780 4838 1199 4938 pinnatifida
1226 4839 1269 4912 l.
1298 4839 1683 4938 simplicia,
1720 4838 2046 4925 linearia,
2101 4848 2410 4924 costam,
2460 4839 2758 4912 demum
2795 4836 3139 4924 decidua3
3184 4837 3573 4937 superiora
3598 4837 3733 4912 ffli-

447 4955 712 5030 formia
806 4955 1595 5054 pinnato-dichotoma,
1675 4956 2153 5058 persistentia.
2307 4955 2702 5031 Vesiculae
2774 4980 2818 5028 e
2895 4955 3492 5031 transmutatione
3574 4955 3732 5055 pin-

447 5098 705 5149 narum
786 5072 1195 5150 ultimarum
1271 5084 1567 5161 exorta,
1643 5073 2298 5175 ovato-sphaerica.
2416 5071 2909 5173 Receptacula
2980 5074 3247 5149 eodem
3302 5072 3532 5147 modo
3589 5072 3736 5147 for-

443 5201 641 5267 mata
713 5189 1580 5267 filiformi-moniliformia
1660 5193 1706 5268 l.
1788 5191 2410 5289 ovato-elongata,
2503 5189 2986 5278 tuberculata;
3072 5189 3443 5291 Scaphidia
3492 5189 3566 5264 in
3616 5214 3735 5264 re·

440 5308 840 5410 ceptaculis
886 5307 1403 5408 prominentia,
1457 5334 1648 5410 poro
1699 5316 2029 5410 pertusa3
2093 5309 2244 5384 asc-i
2306 5308 2736 5383 membrana
2774 5307 3221 5384 crassissima
3283 5316 3732 5393 constructa,
