4984 6517
1328 510 1448 599 20

1220 727 1375 804 VII.
1429 725 1505 801 In
1552 729 1827 827 tropicis
1872 725 2065 800 terris
2120 723 2542 826 praepollent
2590 723 2770 824 fungi
2820 723 3009 812 lenti,
3062 722 3303 823 lignosi
3361 735 3429 795 et
3477 723 3945 823 persistentes;
3988 722 4052 794 in
4106 731 4442 821 tempera-

1423 849 1504 918 tis
1556 858 1625 919 et
1669 846 1885 918 adhuc
1924 847 2136 942 magis
2190 847 2256 918 in
2308 841 2562 943 frigi'dis
2617 854 2897 942 regnant
2952 845 3245 929 carnosi,
3311 846 3611 930 succosi,
3665 841 3959 939 fugaces.
4059 836 4136 910 In
4189 839 4446 938 frigidis

1418 965 1605 1050 lenti,
1674 963 1860 1037 tarde
1931 964 2382 1036 increscentes
2456 963 2548 1034 ob
2624 973 2940 1034 aestatem
3022 963 3298 1035 brevem
3373 961 3576 1061 vulgo
3656 959 3927 1042 desunt3
4007 961 4219 1056 magis
4287 987 4446 1032 suc-

1415 1084 1563 1154 cosi
1615 1093 1684 1154 et
1742 1080 2019 1179 fugaces
2086 1082 2149 1151 in
2213 1080 2401 1179 alpes
2465 1078 2912 1166 adscendunt,
2988 1091 3062 1150 ut
3124 1077 3445 1179 Coprini,
3520 1081 3804 1153 Baletus
3858 1074 4112 1151 scaber.
4219 1075 4444 1175 Fuugi

1417 1225 1751 1297 perennes
1799 1213 1867 1272 et
1914 1199 2185 1297 lignosi,
2268 1223 2549 1295 quorum
2609 1211 2784 1270 tanta
2861 1198 3060 1296 copia
3124 1199 3190 1270 in
3245 1195 3474 1269 calidis
3553 1198 3972 1296 regionibus,
4052 1195 4444 1282 arboribus,

1422 1319 1617 1391 etiam
1666 1318 1903 1392 iisdem
2000 1316 2387 1415 regionibus
2460 1315 3066 1414 praepollentibus,
3149 1314 3698 1414 quoddammodo
3759 1312 4190 1414 respondent.
4295 1311 4443 1387 Ge·

1416 1462 1576 1509 nera
1628 1433 2072 1535 Agaricorum
2128 1436 2333 1522 lenta,
2384 1432 2765 1520 Marasmii,
2817 1430 3119 1521 Lentini,
3197 1432 3473 1522 Xeroti,
3524 1431 3843 1507 Lenzites
3894 1459 3952 1506 e.
4004 1460 4057 1504 s.
4115 1459 4182 1531 p.
4237 1434 4440 1504 maxi-

1418 1580 1596 1626 mum
1654 1554 1902 1627 habent
1959 1556 2337 1654 specierum
2402 1579 2750 1625 numerum
2812 1553 2876 1624 in
2941 1553 3327 1651 regionibus
3403 1553 3859 1636 calidioribus,
3931 1577 4149 1650 paene
4198 1550 4442 1626 deesse

1414 1671 1720 1745 videntur
1778 1669 2194 1756 Cor-binarii,
2249 1673 2363 1771 qui
2412 1674 2479 1744 in
2526 1672 2707 1744 silvis
2767 1675 3093 1744 montanis
3146 1671 3777 1769 septentrionalibus
3821 1683 3957 1742 tres
3988 1681 4256 1768 quartas
4284 1696 4440 1768 par—

1415 1804 1518 1864 tes
1589 1790 2074 1863 individuorum
2151 1801 2463 1863 autumno
2544 1790 2844 1863 offerunt.
2971 1785 3289 1885 (Unicam
3369 1791 3667 1889 speciem
3740 1814 3779 1861 e
3850 1785 4176 1887 Ceylonia
4236 1788 4444 1859 attulit

1413 1906 1806 2008 Berkeley.)
1907 1905 2183 1980 Nullum
2238 1935 2400 1982 vero
2453 1936 2669 2008 genus
2722 1908 3191 2009 perfectiorum
3228 1908 3581 2006 fungorum
3626 1911 3689 1979 in
3734 1907 4010 2005 tropicis
4050 1907 4138 1977 ita
4165 1905 4444 1978 luxuriat

1414 2053 1493 2100 ac
1543 2026 2081 2128 Polypororum;
2128 2039 2201 2098 ut
2251 2022 2592 2126 Agaricini
2644 2030 2709 2099 in
2760 2026 3006 2100 nostris
3056 2027 3249 2099 terris
3320 2027 3697 2126 specierum
3750 2051 4029 2098 numero
4081 2024 4441 2110 excellunt,

1414 2140 1744 2245 Polypori
1798 2144 2019 2218 forsan
2074 2146 2138 2218 in
2199 2147 2497 2244 tropicis.
2627 2144 2726 2218 At
2784 2173 2823 2220 e
2886 2145 3183 2218 carnosis
3262 2141 3666 2245 Polyporis,
3740 2155 3872 2216 tam
3952 2143 4439 2243 mesopodibus

1410 2260 1523 2359 (P.
1571 2264 2103 2363 subsquamoso,
2156 2265 2389 2350 ovino,
2441 2264 2808 2338 melaleuco
2863 2268 3053 2363 etc.),
3106 2289 3302 2363 quam
3370 2261 3847 2337 Merismaticis
3909 2274 3977 2335 et
4043 2257 4440 2360 Apodibus‚

1417 2384 1529 2479 qui
1587 2382 1784 2455 silvas
1827 2394 2091 2455 nostras
2141 2394 2408 2468 ornant,
2459 2381 2675 2456 nullus
2728 2381 2920 2457 adest
2970 2410 3007 2456 e
3054 2383 3246 2456 terris
3311 2381 3571 2469 calidis,
3627 2379 3752 2454 sed
3803 2406 3843 2453 e
3898 2377 4157 2452 Sikkim
4206 2376 4440 2452 Hima-

1415 2498 1604 2600 layae
1653 2498 1826 2573 duos
1874 2501 2167 2599 insignes
2221 2499 2404 2574 dedit
2452 2495 2816 2604 Berkeley.
2917 2498 3212 2573 Plurima
3266 2526 3538 2599 quoque
3585 2495 4244 2601 Hymenomycetum
4316 2525 4440 2597 ge-

1412 2644 1606 2706 nera,
1660 2621 1933 2717 tropicis
1998 2620 2191 2691 terris
2256 2620 2479 2717 priva,
2555 2631 2709 2692 sunt
2759 2646 2798 2693 e
2849 2615 3395 2720 Polyporeorum
3445 2644 3657 2717 grege
3709 2645 3771 2691 v.
3834 2644 3892 2691 c.
3951 2616 4439 2718 CyclomyceS‚

1411 2736 1850 2834 (nobilissima
1901 2738 2168 2836 species
2244 2747 2461 2810 tamen
2538 2762 2622 2810 ex
2693 2734 2875 2811 Ohio
2945 2736 3176 2810 Amer.
3245 2736 3564 2834 borealis)
3618 2731 4027 2834 Hexagona,
4107 2733 4441 2820 Favolus,

1414 2850 1723 2928 Laschia.
1823 2853 2073 2957 Hydna
2127 2858 2191 2927 in
2246 2856 2522 2954 tropicis
2574 2858 2765 2928 terris
2811 2857 2975 2929 mire
3027 2867 3370 2928 rarescunt
3415 2867 3482 2927 et
3529 2853 3748 2927 adhuc
3797 2853 3971 2927 nulla
4000 2856 4189 2950 regio
4238 2849 4438 2953 Hyd-

1411 2997 1647 3046 norum
1700 2973 1872 3064 adeo
1921 2974 2107 3047 ferax
2159 2975 2426 3072 cognita
2491 2999 2574 3046 ac
2636 2971 2885 3048 Suecia
2959 2988 3225 3061 nostra,
3283 2977 3345 3046 in
3406 3000 3536 3073 qua
3585 2985 3747 3073 post
3795 2972 4036 3045 editam
4091 2969 4438 3073 Synopsiu

1409 3085 2068 3193 Hymenomycetum
2120 3091 2392 3165 ulterius
2447 3105 2586 3166 tres
2663 3121 2875 3168 novas
2927 3092 3392 3193 Mesopodes,
3446 3116 3641 3165 unam
3695 3093 3852 3165 nulli
3902 3091 4161 3163 affinem
4231 3085 4439 3162 Pleu·-

1406 3210 1777 3309 ropodem,
1828 3210 2147 3311 detegere
2202 3212 2399 3285 nobis
2450 3214 2742 3311 contigit.
2874 3210 3350 3298 Auricularini,
3419 3207 3789 3312 Polyporis
3855 3212 4092 3283 eximie
4145 3209 4439 3306 analogi,

1412 3329 1477 3400 in
1530 3331 1721 3402 terris
1773 3329 2001 3402 calidis
2054 3331 2490 3430 praepollent.

1207 3505 1399 3583 VIII.
1450 3508 1626 3586 Intra
1680 3517 2021 3615 regionem
2072 3529 2506 3616 temperatam
2555 3515 2832 3592 eaedem
2887 3517 3155 3617 species
3201 3542 3286 3591 ex
3336 3517 3618 3591 maxima
3669 3533 3858 3619 parte
3911 3533 4064 3594 sunt
4138 3545 4439 3593 commu-

1412 3658 1532 3704 nes
1582 3661 1643 3705 v.
1694 3660 1751 3706 c.
1800 3634 1866 3706 in
1916 3630 2196 3732 Europa
2251 3647 2319 3708 et
2368 3633 2681 3708 America
2731 3637 3016 3723 boreali,
3073 3633 3197 3711 sed
3238 3638 3480 3710 multae
3531 3633 3854 3736 Europae
3912 3639 4243 3712 orientalis
4291 3638 4438 3711 fun-

1410 3751 1512 3846 gi,
1566 3752 1757 3823 clima
1803 3752 2192 3824 maritimum
2243 3751 2463 3824 forsan
2535 3751 2897 3850 fugientes,
2971 3756 3034 3826 in
3113 3751 3394 3853 Europa
3468 3750 3860 3829 occidentali
3934 3758 4208 3842 desunt,
4283 3782 4434 3828 cum

1413 3867 1653 3942 multae
1702 3866 2025 3969 Europae
2083 3868 2514 3944 occidentalis
2589 3869 2978 3944 nobilissimi
3030 3899 3090 3944 v.
3140 3899 3197 3945 c.
3249 3873 3532 3947 Baletus
3576 3885 4056 3975 par-aritiens,
4104 3875 4437 3974 Hydreum

1422 3983 1662 4086 Caput
1707 3987 2068 4072 Medusae,
2120 3985 2213 4061 H.
2266 3987 2597 4061 adustum
2649 3996 2775 4062 etc.
2825 3989 2890 4062 in
2945 3987 3328 4065 Americam
3381 3991 3722 4068 borealem
3774 4001 4130 4066 transeunt.
4175 4037 4266 4049 -—
4296 3992 4435 4066 Ea·-

1413 4103 1566 4176 dem
1626 4109 1791 4178 ratio
1848 4107 2111 4180 videtur
2159 4106 2587 4206 plurimarum
2635 4109 3012 4207 specierum
3065 4110 3502 4208 tropicarum,
3561 4125 3693 4185 tam
3743 4111 3809 4184 in
3859 4106 4045 4184 India
4108 4114 4438 4200 orientali,

1410 4250 1607 4322 quam
1663 4222 1978 4298 America
2030 4224 2393 4298 obviatum.
2471 4223 2768 4299 Plurima
2819 4224 3092 4314 Sterea,
3138 4223 3493 4304 Trametes
3548 4227 3987 4332 Hydnoides,
4042 4226 4434 4332 Polyporus

1408 4344 1817 4442 xanthopus,
1863 4346 2264 4441 sanguineus
2310 4354 2379 4415 et
2421 4344 2607 4416 multi
2658 4344 2763 4416 alii
2820 4348 3127 4420 omnibus
3180 4351 3372 4424 terris
3420 4347 3649 4422 calidis
3701 4374 4091 4422 communes
4141 4362 4311 4428 sunt.

1208 4524 1332 4599 IX.
1412 4524 1512 4598 At
1554 4553 1689 4599 non
1763 4528 1966 4599 modo
2049 4550 2330 4625 genera,
2413 4524 2538 4598 sed
2602 4526 2797 4599 etiam
2859 4528 3227 4627 permultae
3281 4530 3548 4627 species
3601 4531 4087 4631 cosmopolitae
4137 4544 4321 4619 sunt,
4371 4533 4436 4604 in

1408 4646 1684 4743 tropicis
1734 4657 1803 4717 et
1854 4648 2236 4743 temperatis
2284 4642 2673 4743 regionibus
2723 4669 2939 4742 aeque
2993 4645 3376 4745 frequentes
3431 4673 3494 4721 v.
3526 4675 3582 4722 c.
3614 4650 3841 4749 plures
3894 4647 4203 4749 Agarici,
4238 4675 4436 4749 prae-

1400 4765 1601 4861 cipue
1653 4763 2007 4851 fimicolae,
2057 4759 2613 4864 Schizophyllum
2667 4788 3050 4852 commune,
3103 4760 3418 4840 Lenzites
3472 4768 3795 4855 betulina,
3845 4764 4238 4869 Polyporus
4283 4794 4436 4840 ver-

1407 4881 1688 4967 sicolor,
1747 4881 2092 4980 igniarius,
2146 4880 2404 4953 lucidus
2457 4894 2619 4968 etc.,
2674 4879 3111 4980 Thelephora
3171 4880 3419 4956 hirsuta
3473 4899 3600 4959 etc.
3728 4884 3803 4958 In
3859 4886 4167 4958 omnibus
4226 4888 4436 4983 tropi-

1404 5001 1503 5071 cis
1553 5000 2057 5072 collectionibus
2105 4999 2341 5070 multas
2393 5001 2663 5097 species
2713 4998 3114 5100 Europaeas
3160 5003 3412 5088 inveni;
3466 5015 3715 5077 tantum
3766 5004 3831 5078 in
3887 5002 4131 5077 Afzelii
4182 5030 4222 5077 e
4263 5002 4436 5077 Gui-

1408 5144 1536 5190 nea
1582 5120 1752 5190 inter
1795 5114 1932 5189 XL
1987 5119 2255 5215 species
2296 5117 2473 5189 nulla
2523 5116 2716 5192 adest
2764 5116 3159 5218 Europaea,
3210 5131 3277 5191 at
3324 5119 3547 5194 forsan
3599 5122 4006 5220 vulgatiores
4031 5120 4434 5224 Europaeas

1402 5234 1720 5332 colligere
1770 5235 2094 5333 neglexi13
2140 5236 2355 5310 nullus
2410 5239 2585 5310 enim
2641 5236 2835 5313 adest
2881 5234 3234 5335 Agaricus.
