4984 6517
3400 612 3512 699 '78

677 822 1008 906 Quamvis
1079 826 1354 925 species
1432 824 1631 923 hujus
1683 824 1898 899 tribus
1949 824 2044 898 ob
2095 823 2440 898 mollitiem
2505 836 2575 899 et
2641 824 2942 899 habitum
2996 852 3151 899 cum
3204 823 3623 929 Spongiosis

574 958 1003 1043 comparatae
1055 944 1330 1030 fuerint,
1408 945 1494 1017 ab
1548 942 1807 1017 eisdem
1855 943 2038 1016 clare
2088 941 2400 1016 differunt
2449 946 2640 1042 poris
2714 943 2895 1019 nullo
2960 943 3168 1018 modo
3227 972 3381 1020 cum
3433 948 3620 1023 fibris

575 1064 940 1163 contiguis,
990 1061 1118 1138 sed
1167 1087 1207 1134 e
1258 1073 1466 1135 strato
1538 1059 1934 1135 intermedio
2008 1061 2471 1161 heterogeneo
2525 1061 2950 1150 horizontali,
3016 1066 3206 1162 poris
3261 1069 3622 1165 oppositu,

575 1181 925 1281 morphosi
982 1183 1253 1253 omnino
1327 1183 1616 1280 generis.
1714 1178 1952 1253 Pileus
2005 1180 2326 1267 lateralis,
2391 1181 2677 1268 sessilis,
2745 1207 2880 1253 non
2938 1181 3067 1256 late
3144 1183 3457 1272 adnatus,
3505 1212 3618 1258 ro-

570 1299 815 1373 tundus
870 1299 910 1372 l.
956 1299 1330 1397 oblongus,
1385 1298 1798 1397 pulvinatus,
1872 1300 2111 1371 subtus
2167 1326 2541 1386 concavus,
2591 1304 2777 1372 ⁴—2
2825 1324 2976 1372 unc.
3041 1300 3243 1411 latus,
3320 1306 3619 1404 margine

571 1419 856 1505 obtuso,
910 1412 1209 1492 siccitate
1249 1419 1625 1499 incurvato.
1712 1415 1777 1489 E
1827 1419 2107 1490 maxima
2148 1430 2339 1516 parte
2392 1418 2608 1491 factus
2661 1430 2768 1491 est
2790 1444 2829 1491 e
2858 1419 3043 1491 fibris
3096 1420 3406 1509 rudibus,
3457 1425 3617 1522 rigi-

568 1537 703 1625 dis,
755 1585 790 1636 -2-
840 1564 992 1611 unc.
1046 1536 1298 1635 longis,
1352 1538 1668 1622 ramosis,
1725 1535 1937 1609 dense
1983 1537 2345 1609 imbricatis
2399 1549 2469 1609 et
2522 1539 2926 1636 compactis,
2985 1550 3053 1610 at
3105 1540 3277 1613 inter
3336 1566 3416 1614 se
3471 1568 3617 1613 om-

570 1658 724 1729 uino
752 1656 1016 1742 liberis,
1062 1655 1479 1754 ferrugineis,
1585 1651 1886 1727 Stratum
1927 1654 2392 1727 intermedium
2437 1667 2671 1747 tenue,
2716 1656 3123 1744 floccosum,
3174 1658 3617 1748 horizontale,

569 1773 843 1846 sordide
922 1772 1269 1872 pallidum,
1324 1786 1535 1846 totum
1595 1774 1735 1846 fere
1816 1775 2201 1847 absorbitur
2250 1775 2316 1846 in
2367 1800 2616 1872 poros,
2694 1775 2914 1874 primo
2985 1779 3287 1875 integros
3343 1777 3615 1878 quidem

570 1891 695 1965 sed
752 1891 948 1966 valde
1005 1891 1425 1991 inaequales,
1479 1890 1805 1991 pallidos,
1858 1889 2129 1964 demum
2181 1891 2756 1966 lacero-dentatos
2810 1897 3263 1969 obscuriore-8.

399 2044 477 2112 21.
574 2036 1139 2137 P.(th.u.sss)
1191 2057 1592 2111 nonnius.
1695 2031 2051 2109 Klotsch.!
2103 2034 2344 2135 Epicr.
2400 2059 2470 2136 p.
2535 2043 2678 2110 459.

668 2175 854 2250 Cum
905 2172 1446 2307 praecendente
1496 2173 1572 2250 in
1622 2174 1941 2263 Guinea,
1999 2175 2364 2274 Afzelius,
2418 2175 2547 2278 qui
2590 2201 2633 2251 a
2682 2174 2913 2277 priori
2957 2175 3321 2252 simillimo
3372 2176 3615 2253 diver·
3607 2202 3626 2212 ·

566 2318 727 2371 sam
774 2301 1027 2368 monet
1071 2291 1417 2393 speciem.
3678 2288 3687 2297 '

670 2438 1134 2517 Praecedenti·
1174 2440 1460 2512 maxime
1493 2438 1738 2526 affinis,
1782 2451 1852 2512 et
1899 2440 2108 2539 vulgo
2155 2444 2408 2540 major,
2462 2439 2803 2514 dimidiato
2819 2440 3153 2525 -adnatus3
3198 2443 3417 2540 pileus
3471 2444 3615 2515 basi

571 2558 780 2634 effusa
827 2559 1155 2645 reflexus,
1204 2558 1859 2657 flbroso-strigosus,
1893 2557 2142 2645 sulvus3
2196 2562 2386 2658 poris
2431 2560 2800 2656 majoribus
2856 2563 2923 2634 in
2970 2561 3206 2634 dentes
3261 2586 3613 2659 compres-

513 2702 524 2713 ·
564 2703 685 2751 sos
735 2679 1009 2751 omnino
1061 2677 1334 2765 solutis,
1386 2705 1425 2751 e
1478 2700 1830 2776 purpureo
1881 2674 2298 2775 ferrugineis.

1170 2817 1251 2892 F.
1361 2816 1591 2918 Stir'ps
1640 2818 1720 2891 P.
1779 2840 2120 2894 STUPOSI.
2225 2817 2466 2919 Epicr.
2523 2843 2592 2920 p.
2652 2826 2792 2894 473.

664 2953 1044 3046 Dimidiati,
1079 2959 1406 3046 -sessiles,
1482 2958 1663 3058 pileo
1737 2956 2026 3029 fibroso-
2031 2957 2442 3056 lignescente
2512 2960 2551 3031 l.
2606 2971 2936 3059 stuppeo,
2988 2986 3226 3035 azono.
3277 3006 3373 3020 —
3429 2961 3615 3064 Spe·
3674 3058 3679 3065 .

577 3077 717 3150 cies
767 3078 810 3150 l.
865 3105 924 3152 c.
975 3104 1014 3151 e
1058 3087 1334 3173 generis
1388 3089 1554 3178 typo
1610 3076 2010 3149 recedentes
2062 3077 2560 3164 excludendam
2625 3078 2827 3150 nihilo
2880 3090 3100 3153 tamen
3152 3082 3368 3154 minus
3410 3084 3616 3181 stirps

571 3196 950 3295 specierum
1027 3194 1200 3268 adeo
1271 3195 1496 3283 dives,
1561 3208 1632 3268 et
1697 3194 2191 3293 heterogeneas
2257 3196 2616 3332 colligens,
2694 3209 2771 3269 ut
2841 3197 2998 3268 olim
3059 3224 3346 3272 necesse
3417 3201 3502 3274 sit
3574 3226 3614 3274 e

571 3325 922 3389 contextus
979 3313 1246 3401 colore,
1298 3325 1372 3386 ut
1422 3339 1583 3387 mox
1630 3313 1792 3387 infra
1860 3312 2443 3401 Cariae-eorum,
2426 3342 2493 3388 ιιι
2551 3315 2783 3415 plures
2832 3314 3119 3390 solvere.

489 3460 519 3493 ⁶
576 3458 918 3536 Contextu
962 3460 1280 3581 colorato.
1383 3456 1478 3533 H.
1532 3457 1575 3532 l.
1632 3461 1719 3532 P.
1758 3470 2079 3560 proteus,
2132 3462 2219 3533 P.
2272 3462 2460 3534 latus
2511 3458 2752 3579 ‚¹3erk'!
2782 3462 3136 3556 βασι-ωας
3173 3453 3437 3558 Jungh.
3471 3465 3607 3532 ete.

403 3621 481 3686 22.
574 3611 649 3687 P.
701 3610 1103 3710 (STm’osl)
1148 3631 1572 3684 navemus.
1677 3607 1799 3680 Fr.
1857 3605 1966 3680 El.
2023 3632 2092 3708 p.
2145 3614 2312 3711 490..
2342 3651 2437 3665 -
2491 3608 2734 3709 Epicr.
2789 3634 2858 3710 p.
2908 3612 3030 3685 490
3081 3609 3481 3683 TrametcS.

660 3754 788 3832 Ad
847 3763 1142 3830 truncos
1193 3753 1267 3828 in
1325 3754 1634 3828 Guinea.
1747 3753 2460 3871 Afzelius.1c.elt.

665 3902 732 3977 F
733 3930 957 4002 uno-us
1011 3899 1375 3995 admodum
1426 3899 1849 4000 spectabilis,
1895 3898 2054 3973 nulli
2103 3898 2260 3971 mihi
2306 3902 2581 3999 cognito
2635 3900 2757 3973 rite
2819 3899 3064 3987 affinis,
3113 3898 3239 3974 sed
3291 3898 3617 3974 distinctis

573 4017 962 4123 Polystictis
1007 4048 1136 4093 una
1192 4045 1346 4095 cum
1398 4019 1840 4119 sequentibus
1893 4018 2219 4089 coriaceis
2271 4014 2521 4117 Epicr.
2556 4019 2651 4113 (n.
2705 4019 3003 4119 to—u)
3054 4019 3141 4090 ad
3203 4017 3340 4091 hoc
3398 4044 3617 4118 genus

583 4138 990 4212 referendus.
1093 4136 1326 4211 Pileus
1381 4137 1793 4223 dimidiatus,
1847 4135 2132 4223 sessiliS,
2183 4137 2443 4234 integer
2510 4148 2734 4209 tamen
2788 4147 2861 4208 et
2935 4134 3231 4234 undique
3285 4137 3618 4234 margina-

584 4269 715 4345 tus,
765 4257 1169 4358 plerumque
1212 4258 1598 4364 imbricatus
1633 4267 1703 4328 et
1745 4255 2655 4352 caespitoso·concrescens,
2703 4254 2831 4326 late
2870 4279 3242 4353 expansus,
3283 4253 3463 4327 haud
3497 4252 3618 4326 ad-

586 4374 853 4447 modum
910 4402 1181 4448 erassus
1234 4387 1303 4448 et
1353 4376 1716 4472 marginem
1765 4399 2004 4446 versus
2053 4372 2508 4443 acutissimum
2561 4372 2893 4446 deflexum
2944 4384 3351 4460 attenuatus,
3408 4373 3615 4473 vulgo

580 4494 852 4591 pulchre
912 4501 980 4568 et
1032 4520 1277 4592 grosse
1330 4480 2003 4592 plicatossundulams,
2076 4491 2342 4588 postice
2424 4490 3238 4578 verrucoso-nodulosus,
3317 4491 3616 4592 undique

572 4622 865 4686 tomento
918 4612 1091 4685 hirto
1150 4611 1549 4686 densissimo
1596 4609 1778 4682 molli
1834 4620 2065 4683 erecto
2112 4610 2517 4706 persistente
2569 4608 3058 4685 helvolo-sulvo
3090 4612 3404 4697 vestitus,
3456 4609 3616 4683 abs-

570 4754 700 4829 que
763 4718 961 4803 'omni
1031 4729 1373 4803 sulcorum
1441 4742 1510 4804 et
1579 4755 1900 4802 zonarum
1951 4730 2260 4827 vestigio.
2369 4724 2751 4801 Contextus
2819 4728 3147 4803 subtiliter
3223 4728 3619 4815 fibrillosus,

569 4842 1033 4936 horizontalis,
1082 4848 1385 4923 helvolo-
1388 4848 1625 4921 fulvus.
1710 4846 1878 4919 Pori
1907 4848 2212 4945 primitus
2261 4846 2693 4945 superficiali-
2697 4847 3109 4936 foveolares,
3163 4846 3399 4934 medii,
3453 4872 3620 4921 con-

557 4961 746 5059 serti,
793 4965 951 5040 dein
1001 4970 1221 5065 4-41
1274 4967 1381 5040 lin.
1416 4965 1760 5066 profundi,
1812 4964 2081 5051 rotundi
2132 4964 2173 5036 l.
2211 4964 2534 5062 angulati,
2570 4989 2690 5038 ore
2722 4966 3049 5065 inaequali
3092 4964 3495 5040 subdentato
3549 4977 3618 5036 at

548 5106 700 5157 non
754 5085 1015 5176 lacero,
1067 5085 1580 5173 brunneol'usci,
1630 5086 1806 5158 intus
1870 5107 2036 5158 vero
2116 5083 2662 5182 glaucescentes,
2713 5095 2923 5156 trama
2992 5083 3357 5157 admodum
3407 5085 3617 5156 mani-

554 5198 760 5276 festa.

376 5341 472 5410 (Β.
556 5341 664 5417 P.
726 5344 1128 5449 (Srm’os1)
1201 5365 1727 5432 suum-rm,
1807 5340 2019 5446 pileis
2098 5339 3153 5425 imbricato-concrescentibus
3222 5339 3615 5418 suberoso·
