4984 6517
30 1583 37 1704 2ffi*†
30 1543 31 1550 ⁴

30 2161 33 2182 fi
30 2103 31 2114 ⁴
29 1723 41 2070 2ss-*vffi-fffr

1354 575 1466 662 36

1449 797 1585 868 rius
1634 795 1843 893 (nunc
1900 797 1965 894 ᾗ,
2024 820 2202 867 nunc
2253 802 2294 867 Ξ
2336 819 2487 867 unc.
2545 791 2856 896 longus),
2908 793 3245 869 obductus
3299 796 3583 870 cuticula
3607 794 3974 869 flocculosa
4027 795 4482 883 fuscescente,

1448 915 1700 1012 passim
1754 913 2220 1012 squamulosa,
2269 911 2394 984 sed
2447 911 2575 986 hac
2628 915 2893 988 detersa
2940 918 3152 1014 stipes
3201 917 3442 1002 laevis,
3492 915 3759 1013 glaber,
3822 914 4481 1014 ligneo-pallescens.

1447 1028 1680 1104 Pileus
1733 1032 1935 1130 stipiti
1985 1032 2372 1128 contiguus,
2426 1030 2615 1104 disco
2670 1045 3099 1131 compactus,
3177 1060 3416 1108 versus
3489 1035 3852 1132 marginem
3932 1033 4304 1132 repandum
4383 1046 4483 1105 te·-

1444 1152 1592 1223 nuis
1612 1207 1630 1237 ,
1678 1148 1875 1221 valde
1934 1148 2219 1247 rigidus,
2272 1151 2490 1248 primo
2545 1152 2814 1222 omnino
2870 1163 3136 1224 erectus
3188 1152 3615 1225 subclavatus
3668 1153 3905 1248 (instar
3958 1149 4307 1224 Craterelli
4347 1152 4481 1224 cla-

1446 1271 1640 1364 vati),
1685 1272 1762 1366 4-3-
1809 1294 1959 1339 unc.
2017 1269 2222 1354 latuS,
2270 1294 2564 1366 superne
2631 1267 3500 1369 scyphisormi-excavatus,
3578 1269 3732 1342 dein
3779 1268 3865 1340 ad
3914 1275 4095 1343 h—6
4138 1295 4291 1343 unc.
4345 1296 4484 1342 am·

1449 1388 1726 1486 pliatus,
1779 1386 1910 1457 late
1963 1386 2620 1473 infundibuliformis,
2671 1390 2970 1484 margine
3018 1388 3326 1460 revoluto
3381 1388 3583 1462 fissili.
3690 1384 4109 1487 Superficies
4168 1391 4484 1476 alutacea,

1447 1504 1681 1602 glabra
1731 1503 2035 1602 quidem3
2088 1503 2213 1577 sed
2265 1505 2630 1602 squamulis
2679 1507 2938 1604 parvis,
2981 1506 3643 1592 maculaesormibus,
3707 1509 3773 1579 in
3826 1507 4016 1580 disco
4071 1507 4483 1580 consertiori-

1449 1624 1613 1710 bus,
1665 1648 1903 1694 versus
1951 1625 2316 1720 marginem
2364 1625 2958 1712 evanescentibus,
3018 1625 3406 1723 adspersus.
3508 1621 3853 1697 Lamellae
3909 1624 4379 1713 decurrentes,
4416 1628 4480 1699 in

1446 1741 1818 1836 junioribus
1884 1741 2029 1812 basi
2108 1754 2716 1830 anastomosantes,
2796 1745 3416 1830 numerosissimae,
3494 1742 4054 1831 confertissimae,
4121 1744 4480 1817 admodum

1447 1869 1684 1931 tenues
1741 1861 2038 1956 (minime
2091 1867 2419 1957 venosae)
2468 1865 2506 1958 ὲ
2549 1861 2656 1932 lin.
2709 1861 2912 1948 latae,
2961 1862 3744 1960 repetito-dichotomae,
3822 1875 3889 1935 at
3954 1863 4170 1937 nullae
4238 1865 4482 1937 abbre-

1450 1977 1664 2049 viatae
1716 1979 2163 2064 intermixtae,
2218 1979 2361 2050 acie
2414 1980 2871 2066 acutissimae,
2918 1992 2985 2051 at
3030 1982 3532 2078 integerrimam
3612 1980 3909 2068 albidae,
3985 1983 4050 2054 in
4097 1984 4297 2055 siccis
4347 1981 4482 2053 ful-

1448 2106 1704 2168 ventes.
1760 2138 1853 2151 -—-
1902 2093 2023 2168 Ad
2070 2096 2243 2169 hanc
2290 2097 2769 2170 nobilissimam
2818 2099 3154 2197 speciem,
3206 2125 3454 2172 novum
3510 2112 3744 2200 typum
3800 2111 3869 2172 et
3923 2095 4289 2172 Russulam
4318 2126 4480 2199 qua-

1449 2213 1505 2285 si
1550 2213 1879 2310 lignosam
1932 2217 2402 2313 praebentem,
2452 2216 2684 2315 plures
2737 2216 3069 2291 accedunt
3113 2243 3332 2289 novae
3385 2244 3425 2288 a
3479 2214 3626 2290 Cel.
3678 2218 4008 2315 Berkeley
4056 2245 4096 2292 e
4156 2215 4480 2319 Ceylonia

1450 2330 1851 2430 descriptae.
1919 2327 2085 2404 Icon
2137 2333 2422 2405 Lentim·
2472 2336 2884 2435 stenophylli
2938 2346 3239 2408 nostrum
3292 2336 3596 2433 perbene
3643 2334 3864 2409 refert.
3971 2337 4058 2409 L.
4103 2347 4481 2432 giganteus

1444 2447 1722 2522 lamellis
1774 2449 2153 2536 latioribuS,
2207 2453 2423 2524 minus
2478 2453 2794 2528 consertis
2843 2455 3107 2552 longius
3155 2454 3370 2526 distat.

1448 2585 1529 2659 L.
1585 2587 2076 2690 (Sounoua)
2129 2589 2522 2665 Pmcnps.
2630 2589 2869 2690 Epicr.
2925 2616 2993 2691 p.
3051 2599 3193 2666 392.

1546 2735 1630 2809 In
1677 2733 1967 2809 Guinea
2014 2735 2089 2809 in
2128 2745 2322 2812 terra
2367 2735 2566 2810 nuda
2611 2733 3076 2842 (Afzelius),·
3135 2733 3384 2836 plures
3440 2732 3753 2836 gregarii
3796 2741 3871 2808 et
3918 2730 4279 2808 interdum
4308 2759 4481 2809 con-

1441 2861 1889 2940 crescenteS,
1940 2878 1985 2928 e
2035 2853 2356 2954 mycelio
2414 2868 2682 2929 terram
2733 2853 2807 2928 in
2858 2877 3170 2927 massam
3225 2851 3613 2928 informem
3691 2849 4096 2925 induratam
4172 2853 4473 2956 conglo-

1445 2968 1682 3045 bante.

1543 3108 1710 3199 Hic,
1761 3114 1970 3211 priori
2024 3113 2242 3184 minor
2294 3124 2363 3185 et
2418 3113 2634 3211 magis
2692 3111 3061 3199 mutabilis,
3118 3111 3363 3198 forma,
3415 3113 3597 3210 pileo
3649 3112 4070 3184 immaculato
4131 3124 4201 3185 et
4253 3110 4480 3184 lamel-

1439 3229 1519 3301 lis
1570 3230 1985 3328 simplicibus
2042 3256 2214 3336 ‘mox
2266 3229 2632 3304 distinctus.
2762 3228 2999 3328 Stipes
3077 3229 3806 3329 lignoso-durissimus,
3871 3234 3943 3330 ⁴}
3993 3256 4144 3302 unc.
4206 3229 4481 3328 longus,

1439 3346 1661 3445 digitis
1708 3350 2039 3434 crassitie,
2089 3347 2420 3421 interdum
2484 3348 2995 3422 concrescendo
3049 3348 3337 3436 divisus,
3391 3350 3629 3435 laevis,
3681 3350 3986 3447 primitus
4046 3349 4295 3423 vellere
4360 3350 4481 3420 vil-

1442 3466 1592 3538 loso
1645 3464 2017 3551 obductus,
2097 3465 2366 3539 demum
2417 3466 2793 3564 glabratus,
2882 3467 3259 3554 alutaceus,
3334 3468 3509 3538 intus
3570 3467 3781 3540 albus.
3913 3464 4148 3540 Pileus
4203 3493 4477 3566 quoque

1439 3582 1775 3681 lignosus,
1832 3584 2021 3656 disco
2076 3596 2471 3683 compactus
2524 3589 2756 3680 (carne
2810 3583 3140 3683 alutacea)
3195 3610 3435 3658 versus
3517 3587 3883 3682 marginem
3939 3588 4190 3672 tenuis,
4245 3586 4480 3685 plano-

1299 3769 1307 3777 .
1442 3698 2098 3786 infundibulisormis,
2149 3702 2396 3800 prioris
2448 3704 2661 3799 magis
2713 3714 2985 3800 patens,
3032 3704 3391 3801 regularis,
3464 3708 3505 3774 3
3548 3729 3698 3776 unc.
3754 3703 3957 3790 latus,
4013 3705 4259 3793 laevis,
4338 3706 4481 3804 gla-

1440 3819 1594 3905 ber,
1644 3843 1919 3917 semper
1965 3817 2458 3905 immaculatus‚
2512 3819 2716 3893 dilute
2769 3821 3128 3892 alutaceuS.
3230 3818 3574 3894 Lamellae
3632 3821 4103 3912 decurrentes,
4165 3848 4480 3896 numero·

1445 3937 1779 4022 sissimae,
1832 3934 2395 4024 confertissimae,
2450 3938 2801 4036 aequales,
2859 3939 3236 4038 simpliceS,
3288 3940 3789 4036 integerrimae,
3852 3937 4099 4039 prioris
4178 3941 4481 4028 latiores,

1437 4053 2045 4128 stramineo-albae.

1231 4201 1332 4268 ⁴12.
1440 4193 1521 4268 L.
1572 4194 2064 4297 (Sannum)
2121 4196 2758 4283 Tuum-neum,
2813 4195 3009 4297 pileo
3081 4195 3653 4274 coriaceo-lento
3731 4199 3932 4274 tenui
4018 4199 4481 4278 infundibuli-

1432 4306 1651 4387 formi
1698 4312 1985 4413 aequali
2048 4314 2841 4416 squamoso-maculato
2915 4340 2958 4389 e
3019 4313 3288 4415 pallido
3347 4316 3587 4404 fusco,
3665 4317 3993 4419 margine
4052 4319 4289 4420 primo
4362 4345 4477 4395 re-

1436 4430 1671 4518 fleXO,
1731 4430 1901 4507 dein
1954 4432 2301 4507 undulato
2354 4433 2586 4521 fissili,
2638 4433 2873 4535 stipite
2918 4432 3259 4537 elongato
3311 4434 3560 4538 gracili
3602 4435 3929 4536 primitus
3970 4437 4325 4526 velutino,
4377 4437 4479 4512 la-

1431 4549 1665 4625 mellis
1718 4549 2275 4627 decurrentibus
2325 4550 2870 4628 confertissimis
2922 4551 3349 4655 aequalibus
3420 4578 3465 4629 e
3527 4552 3797 4653 pallido
3851 4552 4307 4631 fulventibuS.
4384 4600 4475 4613 -

1428 4669 1680 4771 Epicr.
1710 4698 1796 4771 p.
1848 4677 2001 4747 392.

1526 4813 1654 4890 Ad
1693 4822 1961 4890 terram
2004 4814 2081 4891 in
2128 4813 2379 4891 insulis
2429 4812 2899 4918 Archipelagi
2944 4812 3194 4900 indici,
3248 4822 3359 4888 sat
3407 4812 3769 4915 frequens

1529 4955 1782 5032 Descr.
1832 4961 2083 5059 ampla,
2137 4986 2175 5031 a
2223 4943 2572 5058 Rumphio
2631 4958 2814 5044 data,
2864 4958 3140 5057 fungum
3195 4960 3523 5056 juniorem
3587 4971 3856 5059 spectat
3931 4963 4002 5057 (e
4058 4984 4191 5059 qua
4246 4962 4465 5059 primo

1426 5079 1970 5152 camoso-lentus
1998 5135 2016 5165 ,
2100 5076 2285 5177 quod
2370 5079 2519 5176 ipse
2607 5079 2671 5149 in
2761 5077 2992 5149 vicinis
3067 5103 3202 5148 non
3279 5079 3715 5177 observavil)
3812 5103 4021 5176 quare
4098 5077 4470 5177 pleniorem

1427 5194 1679 5270 addere
1731 5223 2018 5270 necesse
2069 5209 2190 5270 est.
2294 5193 2610 5268 Priorum
2666 5220 2854 5266 more
2889 5205 3163 5268 'terram
3237 5196 3637 5295 conglobat,
3709 5196 3836 5269 sed
3908 5195 4043 5268 hoc
4118 5195 4474 5297 mycelium

1427 5319 1643 5412 (mere
1688 5315 2082 5415 glebosum)
2123 5314 2324 5413 plane
2373 5313 2712 5387 diversum
2756 5325 2862 5386 est
2913 5338 2951 5385 a
3005 5312 3439 5412 Pachymate
3494 5312 3763 5388 Tubero
3810 5327 4032 5412 regio,
4112 5341 4266 5388 cum
4336 5339 4473 5414 quo
