<?xml version="1.0" encoding="UTF-8"?>
<!DOCTYPE html PUBLIC "-//W3C//DTD XHTML 1.0 Transitional//EN"
    "http://www.w3.org/TR/xhtml1/DTD/xhtml1-transitional.dtd">
<html xmlns="http://www.w3.org/1999/xhtml" xml:lang="en" lang="en">
 <head>
  <title>
</title>
<meta http-equiv="Content-Type" content="text/html;charset=utf-8" />
  <meta name='ocr-system' content='tesseract 3.04.00' />
  <meta name='ocr-capabilities' content='ocr_page ocr_carea ocr_par ocr_line ocrx_word'/>
</head>
<body>
  <div class='ocr_page' id='page_1' title='image "./novaactaregiaes00uppsgoog_0374.png"; bbox 0 0 4984 6517; ppageno 0'>
   <div class='ocr_carea' id='block_1_1' title="bbox 1350 646 1531 732">
    <p class='ocr_par' dir='ltr' id='par_1_1' title="bbox 1350 646 1531 732">
     <span class='ocr_line' id='line_1_1' title="bbox 1350 646 1531 732; baseline 0 0"><span class='ocrx_word' id='word_1_1' title='bbox 1350 646 1531 732; x_wconf 79' lang='lat'>350</span> 
     </span>
    </p>
   </div>
   <div class='ocr_carea' id='block_1_2' title="bbox 1242 847 4525 1328">
    <p class='ocr_par' dir='ltr' id='par_1_2' title="bbox 1242 847 4525 1189">
     <span class='ocr_line' id='line_1_2' title="bbox 1242 847 4523 960; baseline -0.003 -26"><span class='ocrx_word' id='word_1_2' title='bbox 1242 851 1894 960; x_wconf 82' lang='lat' dir='ltr'>prolificationibus</span> <span class='ocrx_word' id='word_1_3' title='bbox 1942 851 2414 928; x_wconf 80' lang='lat' dir='ltr'>inferioribus</span> <span class='ocrx_word' id='word_1_4' title='bbox 2461 849 2673 952; x_wconf 80' lang='lat' dir='ltr'>apice</span> <span class='ocrx_word' id='word_1_5' title='bbox 2727 850 3033 927; x_wconf 88' lang='lat' dir='ltr'>dilatatis</span> <span class='ocrx_word' id='word_1_6' title='bbox 3084 848 3356 926; x_wconf 90' lang='lat' dir='ltr'>sensim</span> <span class='ocrx_word' id='word_1_7' title='bbox 3409 849 3483 925; x_wconf 85' lang='lat' dir='ltr'>in</span> <span class='ocrx_word' id='word_1_8' title='bbox 3536 847 3744 924; x_wconf 88' lang='lat' dir='ltr'>basin</span> <span class='ocrx_word' id='word_1_9' title='bbox 3799 849 4296 946; x_wconf 70' lang='lat' dir='ltr'><strong>angustiorem</strong></span> <span class='ocrx_word' id='word_1_10' title='bbox 4349 856 4523 924; x_wconf 89' lang='lat' dir='ltr'>atte-</span> 
     </span>
     <span class='ocr_line' id='line_1_3' title="bbox 1244 966 4525 1072; baseline -0.003 -21"><span class='ocrx_word' id='word_1_11' title='bbox 1244 974 1480 1051; x_wconf 89' lang='lat' dir='ltr'>nuatis</span> <span class='ocrx_word' id='word_1_12' title='bbox 1528 968 2118 1049; x_wconf 87' lang='lat' dir='ltr'>subdichotomis</span> <span class='ocrx_word' id='word_1_13' title='bbox 2165 970 2496 1072; x_wconf 81' lang='lat' dir='ltr'><strong>margine</strong></span> <span class='ocrx_word' id='word_1_14' title='bbox 2546 967 2911 1071; x_wconf 83' lang='lat' dir='ltr'>superiori</span> <span class='ocrx_word' id='word_1_15' title='bbox 2940 970 3202 1045; x_wconf 91' lang='lat' dir='ltr'>iterum</span> <span class='ocrx_word' id='word_1_16' title='bbox 3234 966 3634 1069; x_wconf 85' lang='lat' dir='ltr'>proliferis,</span> <span class='ocrx_word' id='word_1_17' title='bbox 3681 967 4046 1069; x_wconf 81' lang='lat' dir='ltr'>supremis</span> <span class='ocrx_word' id='word_1_18' title='bbox 4082 967 4226 1043; x_wconf 90' lang='lat' dir='ltr'>late</span> <span class='ocrx_word' id='word_1_19' title='bbox 4260 991 4525 1042; x_wconf 88' lang='lat' dir='ltr'>cunea-</span> 
     </span>
     <span class='ocr_line' id='line_1_4' title="bbox 1246 1083 4524 1189; baseline -0.003 -19"><span class='ocrx_word' id='word_1_20' title='bbox 1246 1094 1337 1171; x_wconf 89' lang='lat' dir='ltr'>tis</span> <span class='ocrx_word' id='word_1_21' title='bbox 1385 1092 1460 1168; x_wconf 89' lang='lat' dir='ltr'>in</span> <span class='ocrx_word' id='word_1_22' title='bbox 1518 1089 1842 1167; x_wconf 88' lang='lat' dir='ltr'>medium</span> <span class='ocrx_word' id='word_1_23' title='bbox 1899 1086 2283 1189; x_wconf 83' lang='lat' dir='ltr'>bipartitis,</span> <span class='ocrx_word' id='word_1_24' title='bbox 2341 1085 2846 1188; x_wconf 80' lang='lat' dir='ltr'>partitionibus</span> <span class='ocrx_word' id='word_1_25' title='bbox 2890 1085 3189 1173; x_wconf 89' lang='lat' dir='ltr'>bilobis,</span> <span class='ocrx_word' id='word_1_26' title='bbox 3245 1084 3439 1161; x_wconf 89' lang='lat' dir='ltr'>lobis</span> <span class='ocrx_word' id='word_1_27' title='bbox 3489 1084 3701 1186; x_wconf 84' lang='lat' dir='ltr'>apice</span> <span class='ocrx_word' id='word_1_28' title='bbox 3733 1083 4524 1162; x_wconf 83' lang='lat' dir='ltr'>truncato-rotundatis.</span> 
     </span>
    </p>

    <p class='ocr_par' dir='ltr' id='par_1_3' title="bbox 1552 1207 4486 1328">
     <span class='ocr_line' id='line_1_5' title="bbox 1552 1207 4486 1328; baseline -0.001 -22"><span class='ocrx_word' id='word_1_29' title='bbox 1552 1231 1678 1306; x_wconf 92' lang='lat' dir='ltr'>Ad</span> <span class='ocrx_word' id='word_1_30' title='bbox 1732 1256 1937 1307; x_wconf 89' lang='lat' dir='ltr'>oram</span> <span class='ocrx_word' id='word_1_31' title='bbox 1994 1228 2550 1304; x_wconf 86' lang='lat' dir='ltr'>meridionalem</span> <span class='ocrx_word' id='word_1_32' title='bbox 2605 1225 2862 1302; x_wconf 89' lang='lat' dir='ltr'>Novae</span> <span class='ocrx_word' id='word_1_33' title='bbox 2915 1228 3374 1316; x_wconf 89' lang='lat' dir='ltr'>Hollandiae,</span> <span class='ocrx_word' id='word_1_34' title='bbox 3431 1227 3505 1302; x_wconf 88' lang='lat' dir='ltr'>in</span> <span class='ocrx_word' id='word_1_35' title='bbox 3560 1226 3722 1302; x_wconf 90' lang='lat' dir='ltr'>sinu</span> <span class='ocrx_word' id='word_1_36' title='bbox 3784 1228 3962 1302; x_wconf 84' lang='lat' dir='ltr'>Port</span> <span class='ocrx_word' id='word_1_37' title='bbox 4012 1224 4293 1328; x_wconf 88' lang='lat' dir='ltr'>Phillip.</span> <span class='ocrx_word' id='word_1_38' title='bbox 4461 1207 4486 1218; x_wconf 53' lang='lat'><strong><em>‘</em></strong></span> 
     </span>
    </p>
   </div>
   <div class='ocr_carea' id='block_1_3' title="bbox 1253 1361 4534 2177">
    <p class='ocr_par' dir='ltr' id='par_1_4' title="bbox 1253 1361 4534 2177">
     <span class='ocr_line' id='line_1_6' title="bbox 1557 1361 4529 1465; baseline -0.002 -24"><span class='ocrx_word' id='word_1_39' title='bbox 1557 1367 1790 1442; x_wconf 89' lang='lat' dir='ltr'>Callus</span> <span class='ocrx_word' id='word_1_40' title='bbox 1839 1366 2145 1440; x_wconf 88' lang='lat' dir='ltr'>radicalis</span> <span class='ocrx_word' id='word_1_41' title='bbox 2198 1366 2410 1437; x_wconf 81' lang='lat' dir='ltr'>deest.</span> <span class='ocrx_word' id='word_1_42' title='bbox 2513 1361 2753 1437; x_wconf 86' lang='lat' dir='ltr'>Planta</span> <span class='ocrx_word' id='word_1_43' title='bbox 2809 1391 3030 1465; x_wconf 88' lang='lat' dir='ltr'>usque</span> <span class='ocrx_word' id='word_1_44' title='bbox 3088 1365 3590 1465; x_wconf 86' lang='lat' dir='ltr'>15-pollicaris,</span> <span class='ocrx_word' id='word_1_45' title='bbox 3662 1366 4206 1450; x_wconf 86' lang='lat' dir='ltr'>membranacea,</span> <span class='ocrx_word' id='word_1_46' title='bbox 4282 1362 4529 1437; x_wconf 88' lang='lat' dir='ltr'>coloris</span> 
     </span>
     <span class='ocr_line' id='line_1_7' title="bbox 1253 1481 4530 1583; baseline -0.004 -19"><span class='ocrx_word' id='word_1_47' title='bbox 1253 1491 1458 1564; x_wconf 90' lang='lat' dir='ltr'>dilute</span> <span class='ocrx_word' id='word_1_48' title='bbox 1507 1488 1832 1562; x_wconf 82' lang='lat' dir='ltr'>coccinei.</span> <span class='ocrx_word' id='word_1_49' title='bbox 1936 1483 2218 1556; x_wconf 79' lang='lat' dir='ltr'>Thallus</span> <span class='ocrx_word' id='word_1_50' title='bbox 2272 1485 2627 1581; x_wconf 86' lang='lat' dir='ltr'>primarius</span> <span class='ocrx_word' id='word_1_51' title='bbox 2684 1483 3198 1582; x_wconf 72' lang='lat' dir='ltr'>3—A-pollicaris</span> <span class='ocrx_word' id='word_1_52' title='bbox 3246 1482 3553 1583; x_wconf 87' lang='lat' dir='ltr'>duasque</span> <span class='ocrx_word' id='word_1_53' title='bbox 3606 1485 3872 1557; x_wconf 80' lang='lat' dir='ltr'>circiter</span> <span class='ocrx_word' id='word_1_54' title='bbox 3910 1483 4118 1556; x_wconf 84' lang='lat' dir='ltr'>lineas</span> <span class='ocrx_word' id='word_1_55' title='bbox 4170 1484 4379 1568; x_wconf 90' lang='lat' dir='ltr'>latus,</span> <span class='ocrx_word' id='word_1_56' title='bbox 4427 1481 4530 1553; x_wconf 90' lang='lat' dir='ltr'>bis</span> 
     </span>
     <span class='ocr_line' id='line_1_8' title="bbox 1254 1599 4527 1701; baseline -0.004 -18"><span class='ocrx_word' id='word_1_57' title='bbox 1254 1609 1719 1691; x_wconf 87' lang='lat' dir='ltr'>dichotomus,</span> <span class='ocrx_word' id='word_1_58' title='bbox 1770 1631 1857 1678; x_wconf 85' lang='lat' dir='ltr'>ex</span> <span class='ocrx_word' id='word_1_59' title='bbox 1909 1603 2216 1701; x_wconf 87' lang='lat' dir='ltr'>apicibus</span> <span class='ocrx_word' id='word_1_60' title='bbox 2268 1603 2588 1673; x_wconf 91' lang='lat' dir='ltr'>truncatis</span> <span class='ocrx_word' id='word_1_61' title='bbox 2647 1601 3028 1700; x_wconf 74' lang='lat' dir='ltr'>prolil&#39;erus.</span> <span class='ocrx_word' id='word_1_62' title='bbox 3103 1599 3644 1675; x_wconf 83' lang='lat' dir='ltr'>Proliticationes</span> <span class='ocrx_word' id='word_1_63' title='bbox 3689 1600 3997 1698; x_wconf 83' lang='lat' dir='ltr'>ejusdem</span> <span class='ocrx_word' id='word_1_64' title='bbox 4037 1603 4292 1674; x_wconf 77' lang='lat' dir='ltr'>formae</span> <span class='ocrx_word' id='word_1_65' title='bbox 4328 1611 4527 1697; x_wconf 89' lang='lat' dir='ltr'>atque</span> 
     </span>
     <span class='ocr_line' id='line_1_9' title="bbox 1256 1719 4531 1825; baseline -0.003 -25"><span class='ocrx_word' id='word_1_66' title='bbox 1256 1724 1762 1825; x_wconf 83' lang='lat' dir='ltr'>magnitudinis,</span> <span class='ocrx_word' id='word_1_67' title='bbox 1813 1733 1885 1792; x_wconf 89' lang='lat' dir='ltr'>ut</span> <span class='ocrx_word' id='word_1_68' title='bbox 1929 1721 2039 1793; x_wconf 85' lang='lat' dir='ltr'>ille</span> <span class='ocrx_word' id='word_1_69' title='bbox 2074 1719 2347 1805; x_wconf 86' lang='lat' dir='ltr'>thallus,</span> <span class='ocrx_word' id='word_1_70' title='bbox 2384 1720 2530 1792; x_wconf 87' lang='lat' dir='ltr'>basi</span> <span class='ocrx_word' id='word_1_71' title='bbox 2563 1720 3028 1793; x_wconf 88' lang='lat' dir='ltr'>tantummodo</span> <span class='ocrx_word' id='word_1_72' title='bbox 3062 1732 3472 1806; x_wconf 74' lang='lat' dir='ltr'>attenuatae,</span> <span class='ocrx_word' id='word_1_73' title='bbox 3501 1721 3741 1792; x_wconf 88' lang='lat' dir='ltr'>iterum</span> <span class='ocrx_word' id='word_1_74' title='bbox 3783 1722 3978 1818; x_wconf 86' lang='lat' dir='ltr'>apice</span> <span class='ocrx_word' id='word_1_75' title='bbox 4011 1719 4531 1819; x_wconf 84' lang='lat' dir='ltr'>prolilicationes</span> 
     </span>
     <span class='ocr_line' id='line_1_10' title="bbox 1257 1836 4531 1937; baseline -0.003 -19"><span class='ocrx_word' id='word_1_76' title='bbox 1257 1846 1394 1918; x_wconf 75' lang='grc'>2-3</span> <span class='ocrx_word' id='word_1_77' title='bbox 1446 1840 1724 1916; x_wconf 88' lang='lat' dir='ltr'>secundi</span> <span class='ocrx_word' id='word_1_78' title='bbox 1775 1839 2027 1913; x_wconf 85' lang='lat' dir='ltr'>ordinis</span> <span class='ocrx_word' id='word_1_79' title='bbox 2081 1837 2540 1937; x_wconf 84' lang='lat' dir='ltr'>proferentes,</span> <span class='ocrx_word' id='word_1_80' title='bbox 2603 1863 2777 1936; x_wconf 91' lang='lat' dir='ltr'>quae</span> <span class='ocrx_word' id='word_1_81' title='bbox 2832 1838 3140 1935; x_wconf 82' lang='lat' dir='ltr'>ejusdem</span> <span class='ocrx_word' id='word_1_82' title='bbox 3194 1851 3350 1913; x_wconf 87' lang='lat' dir='ltr'>sunt</span> <span class='ocrx_word' id='word_1_83' title='bbox 3408 1851 3682 1912; x_wconf 87' lang='lat' dir='ltr'>naturae</span> <span class='ocrx_word' id='word_1_84' title='bbox 3736 1849 3806 1910; x_wconf 88' lang='lat' dir='ltr'>ut</span> <span class='ocrx_word' id='word_1_85' title='bbox 3857 1839 4159 1936; x_wconf 81' lang='lat' dir='ltr'>priores,</span> <span class='ocrx_word' id='word_1_86' title='bbox 4211 1836 4333 1910; x_wconf 88' lang='lat' dir='ltr'>sed</span> <span class='ocrx_word' id='word_1_87' title='bbox 4374 1862 4531 1933; x_wconf 84' lang='lat' dir='ltr'>seg-</span> 
     </span>
     <span class='ocr_line' id='line_1_11' title="bbox 1261 1952 4532 2058; baseline -0.003 -22"><span class='ocrx_word' id='word_1_88' title='bbox 1261 1965 1503 2037; x_wconf 84' lang='lat' dir='ltr'>mentis</span> <span class='ocrx_word' id='word_1_89' title='bbox 1574 1961 1768 2058; x_wconf 87' lang='lat' dir='ltr'>apice</span> <span class='ocrx_word' id='word_1_90' title='bbox 1836 1960 2051 2056; x_wconf 87' lang='lat' dir='ltr'>magis</span> <span class='ocrx_word' id='word_1_91' title='bbox 2127 1955 2443 2041; x_wconf 88' lang='lat' dir='ltr'>dilatatis,</span> <span class='ocrx_word' id='word_1_92' title='bbox 2497 1953 2721 2028; x_wconf 91' lang='lat' dir='ltr'>denuo</span> <span class='ocrx_word' id='word_1_93' title='bbox 2777 1956 3022 2030; x_wconf 86' lang='lat' dir='ltr'>eodem</span> <span class='ocrx_word' id='word_1_94' title='bbox 3075 1956 3283 2030; x_wconf 91' lang='lat' dir='ltr'>modo</span> <span class='ocrx_word' id='word_1_95' title='bbox 3337 1956 3826 2055; x_wconf 85' lang='lat' dir='ltr'>prolilicantes;</span> <span class='ocrx_word' id='word_1_96' title='bbox 3879 1954 4006 2028; x_wconf 92' lang='lat' dir='ltr'>hae</span> <span class='ocrx_word' id='word_1_97' title='bbox 4058 1957 4228 2029; x_wconf 88' lang='lat' dir='ltr'>tertii</span> <span class='ocrx_word' id='word_1_98' title='bbox 4283 1952 4532 2026; x_wconf 84' lang='lat' dir='ltr'>ordinis</span> 
     </span>
     <span class='ocr_line' id='line_1_12' title="bbox 1263 2073 4534 2177; baseline -0.003 -23"><span class='ocrx_word' id='word_1_99' title='bbox 1263 2083 1665 2177; x_wconf 83' lang='lat' dir='ltr'>ultimaeque</span> <span class='ocrx_word' id='word_1_100' title='bbox 1701 2080 1798 2171; x_wconf 92' lang='lat' dir='ltr'>(in</span> <span class='ocrx_word' id='word_1_101' title='bbox 1826 2077 2075 2148; x_wconf 88' lang='lat' dir='ltr'>nostris</span> <span class='ocrx_word' id='word_1_102' title='bbox 2129 2073 2342 2147; x_wconf 89' lang='lat' dir='ltr'>saltim</span> <span class='ocrx_word' id='word_1_103' title='bbox 2397 2075 2912 2172; x_wconf 87' lang='lat' dir='ltr'>speciminibus)</span> <span class='ocrx_word' id='word_1_104' title='bbox 2935 2075 3459 2174; x_wconf 81' lang='lat' dir='ltr'>prolificationes</span> <span class='ocrx_word' id='word_1_105' title='bbox 3489 2075 3952 2174; x_wconf 86' lang='lat' dir='ltr'>bipollicares,</span> <span class='ocrx_word' id='word_1_106' title='bbox 4002 2073 4134 2146; x_wconf 88' lang='lat' dir='ltr'>late</span> <span class='ocrx_word' id='word_1_107' title='bbox 4177 2084 4534 2158; x_wconf 88' lang='lat' dir='ltr'>cuneatae,</span> 
     </span>
    </p>
   </div>
   <div class='ocr_carea' id='block_1_4' title="bbox 1265 2189 4534 2416">
    <p class='ocr_par' dir='ltr' id='par_1_5' title="bbox 1265 2189 4534 2416">
     <span class='ocr_line' id='line_1_13' title="bbox 1265 2189 4534 2294; baseline -0.004 -21"><span class='ocrx_word' id='word_1_108' title='bbox 1265 2201 1412 2274; x_wconf 90' lang='lat' dir='ltr'>basi</span> <span class='ocrx_word' id='word_1_109' title='bbox 1465 2198 1751 2294; x_wconf 86' lang='lat' dir='ltr'>abrupte</span> <span class='ocrx_word' id='word_1_110' title='bbox 1801 2196 2438 2277; x_wconf 86' lang='lat' dir='ltr'>tereti-attenuatae,</span> <span class='ocrx_word' id='word_1_111' title='bbox 2489 2193 2555 2262; x_wconf 92' lang='lat' dir='ltr'>in</span> <span class='ocrx_word' id='word_1_112' title='bbox 2609 2191 2904 2265; x_wconf 88' lang='lat' dir='ltr'>medium</span> <span class='ocrx_word' id='word_1_113' title='bbox 2957 2196 3241 2292; x_wconf 86' lang='lat' dir='ltr'>partitae</span> <span class='ocrx_word' id='word_1_114' title='bbox 3293 2206 3456 2278; x_wconf 90' lang='lat' dir='ltr'>etc.,</span> <span class='ocrx_word' id='word_1_115' title='bbox 3509 2204 3579 2266; x_wconf 91' lang='lat' dir='ltr'>ut</span> <span class='ocrx_word' id='word_1_116' title='bbox 3630 2194 3692 2264; x_wconf 97' lang='lat' dir='ltr'>in</span> <span class='ocrx_word' id='word_1_117' title='bbox 3749 2192 4055 2290; x_wconf 84' lang='lat' dir='ltr'>diagnosi</span> <span class='ocrx_word' id='word_1_118' title='bbox 4105 2217 4312 2290; x_wconf 89' lang='lat' dir='ltr'>supra</span> <span class='ocrx_word' id='word_1_119' title='bbox 4364 2189 4534 2262; x_wconf 87' lang='lat' dir='ltr'>data.</span> 
     </span>
     <span class='ocr_line' id='line_1_14' title="bbox 1266 2309 2964 2416; baseline -0.004 -26"><span class='ocrx_word' id='word_1_120' title='bbox 1266 2314 1733 2416; x_wconf 88' lang='lat' dir='ltr'>Sporocarpia</span> <span class='ocrx_word' id='word_1_121' title='bbox 1789 2323 1858 2384; x_wconf 89' lang='lat' dir='ltr'>et</span> <span class='ocrx_word' id='word_1_122' title='bbox 1909 2310 2455 2409; x_wconf 85' lang='lat' dir='ltr'>sphaerosporae</span> <span class='ocrx_word' id='word_1_123' title='bbox 2508 2309 2662 2381; x_wconf 88' lang='lat' dir='ltr'>mihi</span> <span class='ocrx_word' id='word_1_124' title='bbox 2716 2313 2964 2409; x_wconf 82' lang='lat' dir='ltr'>ignota.</span> 
     </span>
    </p>
   </div>
   <div class='ocr_carea' id='block_1_5' title="bbox 1576 2442 4532 2543">
    <p class='ocr_par' dir='ltr' id='par_1_6' title="bbox 1576 2442 4532 2543">
     <span class='ocr_line' id='line_1_15' title="bbox 1576 2442 4532 2543; baseline -0.001 -23"><span class='ocrx_word' id='word_1_125' title='bbox 1576 2448 2002 2521; x_wconf 76' lang='lat' dir='ltr'>structura:</span> <span class='ocrx_word' id='word_1_126' title='bbox 2056 2443 2335 2517; x_wconf 78' lang='lat' dir='ltr'>cellulae</span> <span class='ocrx_word' id='word_1_127' title='bbox 2383 2446 2567 2515; x_wconf 84' lang='lat' dir='ltr'>strati</span> <span class='ocrx_word' id='word_1_128' title='bbox 2620 2446 2952 2519; x_wconf 83' lang='lat' dir='ltr'>interioris</span> <span class='ocrx_word' id='word_1_129' title='bbox 3004 2448 3067 2518; x_wconf 88' lang='lat' dir='ltr'>in</span> <span class='ocrx_word' id='word_1_130' title='bbox 3098 2449 3200 2519; x_wconf 83' lang='lat' dir='ltr'>axi</span> <span class='ocrx_word' id='word_1_131' title='bbox 3231 2446 3408 2518; x_wconf 85' lang='lat' dir='ltr'>thalli</span> <span class='ocrx_word' id='word_1_132' title='bbox 3441 2442 4291 2543; x_wconf 81' lang='lat' dir='ltr'>subangulato-oblongae,</span> <span class='ocrx_word' id='word_1_133' title='bbox 4321 2444 4532 2519; x_wconf 87' lang='lat' dir='ltr'>endo·</span> 
     </span>
    </p>
   </div>
   <div class='ocr_carea' id='block_1_6' title="bbox 1270 2561 4537 2896">
    <p class='ocr_par' dir='ltr' id='par_1_7' title="bbox 1270 2561 4537 2896">
     <span class='ocr_line' id='line_1_16' title="bbox 1270 2561 4537 2664; baseline -0.001 -23"><span class='ocrx_word' id='word_1_134' title='bbox 1270 2568 1617 2642; x_wconf 88' lang='lat' dir='ltr'>chromate</span> <span class='ocrx_word' id='word_1_135' title='bbox 1668 2563 2035 2664; x_wconf 87' lang='lat' dir='ltr'>granuloso</span> <span class='ocrx_word' id='word_1_136' title='bbox 2093 2564 2362 2660; x_wconf 90' lang='lat' dir='ltr'>parcius</span> <span class='ocrx_word' id='word_1_137' title='bbox 2412 2561 2774 2649; x_wconf 88' lang='lat' dir='ltr'>distentae,</span> <span class='ocrx_word' id='word_1_138' title='bbox 2827 2590 3066 2637; x_wconf 88' lang='lat' dir='ltr'>versus</span> <span class='ocrx_word' id='word_1_139' title='bbox 3118 2565 3569 2663; x_wconf 89' lang='lat' dir='ltr'>peripheriam</span> <span class='ocrx_word' id='word_1_140' title='bbox 3594 2563 3844 2636; x_wconf 86' lang='lat' dir='ltr'>sensim</span> <span class='ocrx_word' id='word_1_141' title='bbox 3878 2564 4207 2642; x_wconf 77' lang='lat' dir='ltr'>minores:</span> <span class='ocrx_word' id='word_1_142' title='bbox 4261 2563 4537 2638; x_wconf 82' lang='lat' dir='ltr'>cellulae</span> 
     </span>
     <span class='ocr_line' id='line_1_17' title="bbox 1272 2678 4535 2780; baseline -0.002 -21"><span class='ocrx_word' id='word_1_143' title='bbox 1272 2686 1457 2760; x_wconf 86' lang='lat' dir='ltr'>strati</span> <span class='ocrx_word' id='word_1_144' title='bbox 1509 2684 1843 2757; x_wconf 85' lang='lat' dir='ltr'>corticalis</span> <span class='ocrx_word' id='word_1_145' title='bbox 1888 2682 2363 2753; x_wconf 87' lang='lat' dir='ltr'>minutissimae</span> <span class='ocrx_word' id='word_1_146' title='bbox 2417 2678 2774 2777; x_wconf 86' lang='lat' dir='ltr'>dupliciter</span> <span class='ocrx_word' id='word_1_147' title='bbox 2821 2681 3196 2769; x_wconf 81' lang='lat' dir='ltr'>ordinatae,</span> <span class='ocrx_word' id='word_1_148' title='bbox 3247 2684 3310 2755; x_wconf 89' lang='lat' dir='ltr'>in</span> <span class='ocrx_word' id='word_1_149' title='bbox 3365 2684 3469 2755; x_wconf 81' lang='lat' dir='ltr'>axi</span> <span class='ocrx_word' id='word_1_150' title='bbox 3526 2680 3703 2756; x_wconf 84' lang='lat' dir='ltr'>thalli</span> <span class='ocrx_word' id='word_1_151' title='bbox 3739 2681 4416 2780; x_wconf 69' lang='lat' dir='ltr'>emption-oblongae</span> <span class='ocrx_word' id='word_1_152' title='bbox 4443 2684 4535 2776; x_wconf 87' lang='lat' dir='ltr'>(in</span> 
     </span>
     <span class='ocr_line' id='line_1_18' title="bbox 1273 2797 2559 2896; baseline -0.005 -20"><span class='ocrx_word' id='word_1_153' title='bbox 1273 2804 1578 2876; x_wconf 88' lang='lat' dir='ltr'>sectione</span> <span class='ocrx_word' id='word_1_154' title='bbox 1630 2798 2056 2872; x_wconf 86' lang='lat' dir='ltr'>transversali</span> <span class='ocrx_word' id='word_1_155' title='bbox 2111 2797 2559 2896; x_wconf 84' lang='lat' dir='ltr'>sphaericae).</span> 
     </span>
    </p>
   </div>
   <div class='ocr_carea' id='block_1_7' title="bbox 1276 2930 4543 3272">
    <p class='ocr_par' dir='ltr' id='par_1_8' title="bbox 1276 2930 4543 3272">
     <span class='ocr_line' id='line_1_19' title="bbox 1578 2930 4538 3034; baseline -0 -28"><span class='ocrx_word' id='word_1_156' title='bbox 1578 2933 1778 3006; x_wconf 91' lang='lat' dir='ltr'>Hanc</span> <span class='ocrx_word' id='word_1_157' title='bbox 1831 2935 2132 3032; x_wconf 88' lang='lat' dir='ltr'>speciem</span> <span class='ocrx_word' id='word_1_158' title='bbox 2187 2959 2315 3032; x_wconf 88' lang='lat' dir='ltr'>pro</span> <span class='ocrx_word' id='word_1_159' title='bbox 2362 2930 2840 3005; x_wconf 86' lang='lat' dir='ltr'>Rhodomenia</span> <span class='ocrx_word' id='word_1_160' title='bbox 2895 2932 3159 3005; x_wconf 87' lang='lat' dir='ltr'>australi</span> <span class='ocrx_word' id='word_1_161' title='bbox 3209 2932 3418 3006; x_wconf 80' lang='lat' dir='ltr'>Sond.</span> <span class='ocrx_word' id='word_1_162' title='bbox 3474 2962 3597 3009; x_wconf 90' lang='lat' dir='ltr'>sev</span> <span class='ocrx_word' id='word_1_163' title='bbox 3651 2935 4004 3034; x_wconf 88' lang='lat' dir='ltr'>Acropelt.</span> <span class='ocrx_word' id='word_1_164' title='bbox 4036 2947 4235 3008; x_wconf 89' lang='lat' dir='ltr'>austr.</span> <span class='ocrx_word' id='word_1_165' title='bbox 4263 2935 4334 3008; x_wconf 86' lang='lat' dir='ltr'>J.</span> <span class='ocrx_word' id='word_1_166' title='bbox 4366 2934 4538 3029; x_wconf 69' lang='lat' dir='ltr'>Ag„</span> 
     </span>
     <span class='ocr_line' id='line_1_20' title="bbox 1276 3051 4539 3149; baseline -0.001 -22"><span class='ocrx_word' id='word_1_167' title='bbox 1276 3066 1606 3127; x_wconf 83' lang='lat' dir='ltr'>structura</span> <span class='ocrx_word' id='word_1_168' title='bbox 1655 3054 1908 3125; x_wconf 82' lang='lat' dir='ltr'>scilicet</span> <span class='ocrx_word' id='word_1_169' title='bbox 1961 3057 2303 3149; x_wconf 87' lang='lat' dir='ltr'>utriusque</span> <span class='ocrx_word' id='word_1_170' title='bbox 2349 3053 2432 3122; x_wconf 86' lang='lat' dir='ltr'>ita</span> <span class='ocrx_word' id='word_1_171' title='bbox 2483 3062 2937 3149; x_wconf 84' lang='lat' dir='ltr'>congruente,</span> <span class='ocrx_word' id='word_1_172' title='bbox 2988 3062 3056 3122; x_wconf 92' lang='lat' dir='ltr'>ut</span> <span class='ocrx_word' id='word_1_173' title='bbox 3108 3051 3307 3149; x_wconf 86' lang='lat' dir='ltr'>plane</span> <span class='ocrx_word' id='word_1_174' title='bbox 3358 3052 3602 3125; x_wconf 86' lang='lat' dir='ltr'>nullam</span> <span class='ocrx_word' id='word_1_175' title='bbox 3661 3055 3854 3125; x_wconf 87' lang='lat' dir='ltr'>aliam</span> <span class='ocrx_word' id='word_1_176' title='bbox 3909 3052 4173 3126; x_wconf 89' lang='lat' dir='ltr'>videam</span> <span class='ocrx_word' id='word_1_177' title='bbox 4231 3053 4539 3127; x_wconf 86' lang='lat' dir='ltr'>differen-</span> 
     </span>
     <span class='ocr_line' id='line_1_21' title="bbox 1278 3166 4543 3272; baseline 0 -27"><span class='ocrx_word' id='word_1_178' title='bbox 1278 3175 1433 3245; x_wconf 88' lang='lat' dir='ltr'>tiam</span> <span class='ocrx_word' id='word_1_179' title='bbox 1512 3197 1711 3271; x_wconf 87' lang='lat' dir='ltr'>quam</span> <span class='ocrx_word' id='word_1_180' title='bbox 1786 3170 2059 3243; x_wconf 89' lang='lat' dir='ltr'>cellulas</span> <span class='ocrx_word' id='word_1_181' title='bbox 2111 3171 2295 3243; x_wconf 89' lang='lat' dir='ltr'>strati</span> <span class='ocrx_word' id='word_1_182' title='bbox 2352 3171 2684 3242; x_wconf 89' lang='lat' dir='ltr'>interioris</span> <span class='ocrx_word' id='word_1_183' title='bbox 2737 3166 3257 3243; x_wconf 88' lang='lat' dir='ltr'>Rhodomeniae</span> <span class='ocrx_word' id='word_1_184' title='bbox 3307 3171 3609 3244; x_wconf 87' lang='lat' dir='ltr'>australis</span> <span class='ocrx_word' id='word_1_185' title='bbox 3664 3172 3931 3272; x_wconf 86' lang='lat' dir='ltr'>largiori</span> <span class='ocrx_word' id='word_1_186' title='bbox 3998 3171 4543 3246; x_wconf 88' lang='lat' dir='ltr'>endochromatis</span> 
     </span>
    </p>
   </div>
   <div class='ocr_carea' id='block_1_8' title="bbox 1278 3284 4546 3625">
    <p class='ocr_par' dir='ltr' id='par_1_9' title="bbox 1278 3284 4546 3625">
     <span class='ocr_line' id='line_1_22' title="bbox 1278 3284 4543 3390; baseline 0 -26"><span class='ocrx_word' id='word_1_187' title='bbox 1278 3292 1479 3390; x_wconf 91' lang='lat' dir='ltr'>copia</span> <span class='ocrx_word' id='word_1_188' title='bbox 1526 3290 1851 3388; x_wconf 85' lang='lat' dir='ltr'>repletas,</span> <span class='ocrx_word' id='word_1_189' title='bbox 1903 3287 2015 3361; x_wconf 89' lang='lat' dir='ltr'>diu</span> <span class='ocrx_word' id='word_1_190' title='bbox 2065 3288 2296 3372; x_wconf 86' lang='lat' dir='ltr'>habui;</span> <span class='ocrx_word' id='word_1_191' title='bbox 2341 3286 2467 3362; x_wconf 87' lang='lat' dir='ltr'>sed</span> <span class='ocrx_word' id='word_1_192' title='bbox 2522 3313 2676 3361; x_wconf 90' lang='lat' dir='ltr'>cum</span> <span class='ocrx_word' id='word_1_193' title='bbox 2728 3289 3075 3385; x_wconf 85' lang='lat' dir='ltr'>specimen</span> <span class='ocrx_word' id='word_1_194' title='bbox 3121 3315 3160 3359; x_wconf 87' lang='lat' dir='ltr'>a</span> <span class='ocrx_word' id='word_1_195' title='bbox 3206 3284 3530 3362; x_wconf 86' lang='lat' dir='ltr'>Sondero</span> <span class='ocrx_word' id='word_1_196' title='bbox 3583 3289 3919 3364; x_wconf 83' lang='lat' dir='ltr'>benevole</span> <span class='ocrx_word' id='word_1_197' title='bbox 3962 3293 4543 3378; x_wconf 89' lang='lat' dir='ltr'>communicatum,</span> 
     </span>
     <span class='ocr_line' id='line_1_23' title="bbox 1281 3404 4546 3505; baseline 0 -25"><span class='ocrx_word' id='word_1_198' title='bbox 1281 3421 1419 3480; x_wconf 91' lang='lat' dir='ltr'>tum</span> <span class='ocrx_word' id='word_1_199' title='bbox 1471 3407 1838 3505; x_wconf 89' lang='lat' dir='ltr'>descriptio</span> <span class='ocrx_word' id='word_1_200' title='bbox 1900 3406 2085 3492; x_wconf 87' lang='lat' dir='ltr'>data,</span> <span class='ocrx_word' id='word_1_201' title='bbox 2140 3404 2575 3478; x_wconf 84' lang='lat' dir='ltr'>differentiam</span> <span class='ocrx_word' id='word_1_202' title='bbox 2628 3430 2762 3477; x_wconf 92' lang='lat' dir='ltr'>non</span> <span class='ocrx_word' id='word_1_203' title='bbox 2817 3431 3053 3503; x_wconf 87' lang='lat' dir='ltr'>parum</span> <span class='ocrx_word' id='word_1_204' title='bbox 3138 3405 3547 3504; x_wconf 87' lang='lat' dir='ltr'>palpabilem</span> <span class='ocrx_word' id='word_1_205' title='bbox 3628 3406 3992 3482; x_wconf 89' lang='lat' dir='ltr'>ostendere</span> <span class='ocrx_word' id='word_1_206' title='bbox 4074 3407 4401 3498; x_wconf 87' lang='lat' dir='ltr'>videntur,</span> <span class='ocrx_word' id='word_1_207' title='bbox 4478 3422 4546 3483; x_wconf 91' lang='lat' dir='ltr'>ut</span> 
     </span>
     <span class='ocr_line' id='line_1_24' title="bbox 1281 3523 3434 3625; baseline -0.002 -25"><span class='ocrx_word' id='word_1_208' title='bbox 1281 3538 1576 3600; x_wconf 87' lang='lat' dir='ltr'>nostram</span> <span class='ocrx_word' id='word_1_209' title='bbox 1627 3525 1922 3625; x_wconf 86' lang='lat' dir='ltr'>plantam</span> <span class='ocrx_word' id='word_1_210' title='bbox 1976 3523 2351 3596; x_wconf 85' lang='lat' dir='ltr'>distinctam</span> <span class='ocrx_word' id='word_1_211' title='bbox 2404 3524 2708 3621; x_wconf 86' lang='lat' dir='ltr'>speciem</span> <span class='ocrx_word' id='word_1_212' title='bbox 2757 3548 3150 3621; x_wconf 89' lang='lat' dir='ltr'>proponere</span> <span class='ocrx_word' id='word_1_213' title='bbox 3205 3548 3434 3622; x_wconf 86' lang='lat' dir='ltr'>cogar.</span> 
     </span>
    </p>
   </div>
   <div class='ocr_carea' id='block_1_9' title="bbox 1698 3680 3610 3894">
    <p class='ocr_par' dir='ltr' id='par_1_10' title="bbox 1698 3680 3610 3894">
     <span class='ocr_line' id='line_1_25' title="bbox 2241 3680 3610 3777; baseline -0.002 -20"><span class='ocrx_word' id='word_1_214' title='bbox 2241 3682 2472 3757; x_wconf 90' lang='lat' dir='ltr'><strong>XVII.</strong></span> <span class='ocrx_word' id='word_1_215' title='bbox 2559 3680 3294 3756; x_wconf 88' lang='lat' dir='ltr'>GRACILARIA</span> <span class='ocrx_word' id='word_1_216' title='bbox 3344 3682 3415 3754; x_wconf 88' lang='lat' dir='ltr'>J.</span> <span class='ocrx_word' id='word_1_217' title='bbox 3468 3682 3610 3777; x_wconf 80' lang='lat' dir='ltr'>Ag.</span> 
     </span>
     <span class='ocr_line' id='line_1_26' title="bbox 1698 3817 3248 3894; baseline 0.001 -5"><span class='ocrx_word' id='word_1_218' title='bbox 1698 3820 1758 3892; x_wconf 90' lang='lat'>1.</span> <span class='ocrx_word' id='word_1_219' title='bbox 1840 3820 2339 3893; x_wconf 60' lang='lat' dir='ltr'>Gnacrmnra</span> <span class='ocrx_word' id='word_1_220' title='bbox 2387 3838 2911 3894; x_wconf 61' lang='lat' dir='ltr'>campanus</span> <span class='ocrx_word' id='word_1_221' title='bbox 2959 3817 3248 3891; x_wconf 71' lang='lat' dir='ltr'>Ares-ch.</span> 
     </span>
    </p>
   </div>
   <div class='ocr_carea' id='block_1_10' title="bbox 1282 3949 4547 4423">
    <p class='ocr_par' dir='ltr' id='par_1_11' title="bbox 1282 3949 4547 4291">
     <span class='ocr_line' id='line_1_27' title="bbox 1589 3949 4542 4057; baseline 0.001 -31"><span class='ocrx_word' id='word_1_222' title='bbox 1589 3949 1848 4026; x_wconf 89' lang='lat' dir='ltr'>Thallo</span> <span class='ocrx_word' id='word_1_223' title='bbox 1928 3949 2629 4025; x_wconf 87' lang='lat' dir='ltr'>carnoso-coriaceo</span> <span class='ocrx_word' id='word_1_224' title='bbox 2719 3950 2936 4052; x_wconf 88' lang='lat' dir='ltr'>plano</span> <span class='ocrx_word' id='word_1_225' title='bbox 3016 3949 3661 4052; x_wconf 88' lang='lat' dir='ltr'>di-polychotomo</span> <span class='ocrx_word' id='word_1_226' title='bbox 3749 3953 4542 4057; x_wconf 79' lang='lat' dir='ltr'>flabellato-fastigiatO,</span> 
     </span>
     <span class='ocr_line' id='line_1_28' title="bbox 1282 4067 4547 4174; baseline 0.001 -29"><span class='ocrx_word' id='word_1_227' title='bbox 1282 4068 1681 4168; x_wconf 86' lang='lat' dir='ltr'>segmentis</span> <span class='ocrx_word' id='word_1_228' title='bbox 1733 4067 2234 4168; x_wconf 88' lang='lat' dir='ltr'>superioribus</span> <span class='ocrx_word' id='word_1_229' title='bbox 2283 4067 3219 4144; x_wconf 89' lang='lat' dir='ltr'>subcueneato-linearibus</span> <span class='ocrx_word' id='word_1_230' title='bbox 3257 4069 3330 4144; x_wconf 92' lang='lat' dir='ltr'>in</span> <span class='ocrx_word' id='word_1_231' title='bbox 3370 4069 3664 4146; x_wconf 88' lang='lat' dir='ltr'>lacinias</span> <span class='ocrx_word' id='word_1_232' title='bbox 3697 4069 4010 4145; x_wconf 88' lang='lat' dir='ltr'>lineares</span> <span class='ocrx_word' id='word_1_233' title='bbox 4039 4072 4547 4174; x_wconf 88' lang='lat' dir='ltr'>subsimplicer</span> 
     </span>
     <span class='ocr_line' id='line_1_29' title="bbox 1282 4184 3991 4291; baseline 0.001 -29"><span class='ocrx_word' id='word_1_234' title='bbox 1282 4184 1823 4289; x_wconf 86' lang='lat' dir='ltr'>palmatisectis,</span> <span class='ocrx_word' id='word_1_235' title='bbox 1878 4184 2372 4285; x_wconf 89' lang='lat' dir='ltr'>sporocarpiis</span> <span class='ocrx_word' id='word_1_236' title='bbox 2421 4184 2821 4287; x_wconf 88' lang='lat' dir='ltr'>sphaericis</span> <span class='ocrx_word' id='word_1_237' title='bbox 2871 4186 2944 4261; x_wconf 87' lang='lat' dir='ltr'>in</span> <span class='ocrx_word' id='word_1_238' title='bbox 2996 4186 3159 4286; x_wconf 91' lang='lat' dir='ltr'>ipso</span> <span class='ocrx_word' id='word_1_239' title='bbox 3210 4188 3537 4291; x_wconf 87' lang='lat' dir='ltr'>margine</span> <span class='ocrx_word' id='word_1_240' title='bbox 3594 4188 3991 4264; x_wconf 78' lang='lat' dir='ltr'>sessilibuS.</span> 
     </span>
    </p>

    <p class='ocr_par' dir='ltr' id='par_1_12' title="bbox 1587 4317 4292 4423">
     <span class='ocr_line' id='line_1_30' title="bbox 1587 4317 4292 4423; baseline 0 -26"><span class='ocrx_word' id='word_1_241' title='bbox 1587 4320 1710 4397; x_wconf 88' lang='lat' dir='ltr'>Ad</span> <span class='ocrx_word' id='word_1_242' title='bbox 1759 4343 1964 4394; x_wconf 88' lang='lat' dir='ltr'>oram</span> <span class='ocrx_word' id='word_1_243' title='bbox 2011 4317 2266 4395; x_wconf 80' lang='lat' dir='ltr'>Novae</span> <span class='ocrx_word' id='word_1_244' title='bbox 2319 4320 2756 4396; x_wconf 84' lang='lat' dir='ltr'>Hollandiae</span> <span class='ocrx_word' id='word_1_245' title='bbox 2810 4321 3400 4409; x_wconf 85' lang='lat' dir='ltr'>meridionalem,</span> <span class='ocrx_word' id='word_1_246' title='bbox 3454 4324 3529 4398; x_wconf 92' lang='lat' dir='ltr'>in</span> <span class='ocrx_word' id='word_1_247' title='bbox 3582 4324 3747 4399; x_wconf 90' lang='lat' dir='ltr'>sinu</span> <span class='ocrx_word' id='word_1_248' title='bbox 3796 4326 3975 4398; x_wconf 89' lang='lat' dir='ltr'>Port</span> <span class='ocrx_word' id='word_1_249' title='bbox 4012 4322 4292 4423; x_wconf 87' lang='lat' dir='ltr'>Phillip.</span> 
     </span>
    </p>
   </div>
   <div class='ocr_carea' id='block_1_11' title="bbox 1284 4456 4555 4793">
    <p class='ocr_par' dir='ltr' id='par_1_13' title="bbox 1284 4456 4555 4793">
     <span class='ocr_line' id='line_1_31' title="bbox 1593 4456 4551 4559; baseline 0.001 -27"><span class='ocrx_word' id='word_1_250' title='bbox 1593 4456 1824 4532; x_wconf 90' lang='lat' dir='ltr'>Callus</span> <span class='ocrx_word' id='word_1_251' title='bbox 1869 4456 2173 4531; x_wconf 89' lang='lat' dir='ltr'>radicalis</span> <span class='ocrx_word' id='word_1_252' title='bbox 2226 4458 2636 4556; x_wconf 86' lang='lat' dir='ltr'>perevidens</span> <span class='ocrx_word' id='word_1_253' title='bbox 2686 4471 3005 4546; x_wconf 89' lang='lat' dir='ltr'>scutatus,</span> <span class='ocrx_word' id='word_1_254' title='bbox 3054 4460 3293 4559; x_wconf 87' lang='lat' dir='ltr'>lapillis</span> <span class='ocrx_word' id='word_1_255' title='bbox 3345 4459 3646 4534; x_wconf 86' lang='lat' dir='ltr'>adnatus.</span> <span class='ocrx_word' id='word_1_256' title='bbox 3705 4459 3987 4534; x_wconf 90' lang='lat' dir='ltr'>Thallus</span> <span class='ocrx_word' id='word_1_257' title='bbox 4043 4463 4169 4533; x_wconf 92' lang='lat' dir='ltr'>ima</span> <span class='ocrx_word' id='word_1_258' title='bbox 4199 4462 4343 4534; x_wconf 89' lang='lat' dir='ltr'>basi</span> <span class='ocrx_word' id='word_1_259' title='bbox 4374 4472 4551 4534; x_wconf 89' lang='lat' dir='ltr'>teres</span> 
     </span>
     <span class='ocr_line' id='line_1_32' title="bbox 1284 4575 4553 4679; baseline 0.001 -30"><span class='ocrx_word' id='word_1_260' title='bbox 1284 4604 1447 4649; x_wconf 77' lang='lat' dir='ltr'>mox</span> <span class='ocrx_word' id='word_1_261' title='bbox 1500 4603 1664 4650; x_wconf 84' lang='lat' dir='ltr'>vero</span> <span class='ocrx_word' id='word_1_262' title='bbox 1717 4575 2112 4674; x_wconf 86' lang='lat' dir='ltr'>explanatus</span> <span class='ocrx_word' id='word_1_263' title='bbox 2166 4587 2234 4647; x_wconf 91' lang='lat' dir='ltr'>et</span> <span class='ocrx_word' id='word_1_264' title='bbox 2285 4579 2557 4647; x_wconf 91' lang='lat' dir='ltr'>omnino</span> <span class='ocrx_word' id='word_1_265' title='bbox 2614 4576 2884 4674; x_wconf 89' lang='lat' dir='ltr'>planus,</span> <span class='ocrx_word' id='word_1_266' title='bbox 2949 4605 3364 4678; x_wconf 81' lang='lat' dir='ltr'>purpureus,</span> <span class='ocrx_word' id='word_1_267' title='bbox 3437 4591 3502 4650; x_wconf 87' lang='lat' dir='ltr'>at</span> <span class='ocrx_word' id='word_1_268' title='bbox 3583 4580 3884 4653; x_wconf 89' lang='lat' dir='ltr'>siccitate</span> <span class='ocrx_word' id='word_1_269' title='bbox 3948 4580 4348 4679; x_wconf 89' lang='lat' dir='ltr'>plerumque</span> <span class='ocrx_word' id='word_1_270' title='bbox 4401 4580 4553 4677; x_wconf 88' lang='lat' dir='ltr'>plus</span> 
     </span>
     <span class='ocr_line' id='line_1_33' title="bbox 1285 4693 4555 4793; baseline 0.001 -27"><span class='ocrx_word' id='word_1_271' title='bbox 1285 4699 1502 4767; x_wconf 86' lang='lat' dir='ltr'>minus</span> <span class='ocrx_word' id='word_1_272' title='bbox 1546 4694 1928 4792; x_wconf 82' lang='lat' dir='ltr'>expallens,</span> <span class='ocrx_word' id='word_1_273' title='bbox 1984 4719 2202 4793; x_wconf 87' lang='lat' dir='ltr'>usque</span> <span class='ocrx_word' id='word_1_274' title='bbox 2256 4693 2517 4790; x_wconf 82' lang='lat' dir='ltr'>pedalis</span> <span class='ocrx_word' id='word_1_275' title='bbox 2569 4706 2638 4767; x_wconf 87' lang='lat' dir='ltr'>et</span> <span class='ocrx_word' id='word_1_276' title='bbox 2692 4694 2916 4767; x_wconf 75' lang='lat' dir='ltr'>forsan</span> <span class='ocrx_word' id='word_1_277' title='bbox 2974 4697 3304 4769; x_wconf 85' lang='lat' dir='ltr'>interdum</span> <span class='ocrx_word' id='word_1_278' title='bbox 3361 4698 3559 4783; x_wconf 84' lang='lat' dir='ltr'>ultra,</span> <span class='ocrx_word' id='word_1_279' title='bbox 3606 4698 3862 4770; x_wconf 77' lang='lat' dir='ltr'>inferne</span> <span class='ocrx_word' id='word_1_280' title='bbox 3910 4699 4151 4770; x_wconf 82' lang='lat' dir='ltr'>eximie</span> <span class='ocrx_word' id='word_1_281' title='bbox 4198 4724 4555 4783; x_wconf 86' lang='lat' dir='ltr'>carnosus,</span> 
     </span>
    </p>
   </div>
   <div class='ocr_carea' id='block_1_12' title="bbox 1287 4814 4554 5032">
    <p class='ocr_par' dir='ltr' id='par_1_14' title="bbox 1287 4814 4554 5032">
     <span class='ocr_line' id='line_1_34' title="bbox 1287 4814 4554 4917; baseline 0.001 -31"><span class='ocrx_word' id='word_1_282' title='bbox 1287 4838 1582 4910; x_wconf 87' lang='lat' dir='ltr'>superne</span> <span class='ocrx_word' id='word_1_283' title='bbox 1632 4825 1700 4886; x_wconf 89' lang='lat' dir='ltr'>et</span> <span class='ocrx_word' id='word_1_284' title='bbox 1753 4814 2121 4911; x_wconf 85' lang='lat' dir='ltr'>praecipue</span> <span class='ocrx_word' id='word_1_285' title='bbox 2175 4814 2370 4910; x_wconf 89' lang='lat' dir='ltr'>apice</span> <span class='ocrx_word' id='word_1_286' title='bbox 2405 4815 2622 4911; x_wconf 87' lang='lat' dir='ltr'>magis</span> <span class='ocrx_word' id='word_1_287' title='bbox 2673 4816 3262 4901; x_wconf 87' lang='lat' dir='ltr'>membranaceus,</span> <span class='ocrx_word' id='word_1_288' title='bbox 3318 4815 3471 4913; x_wconf 90' lang='lat' dir='ltr'>plus</span> <span class='ocrx_word' id='word_1_289' title='bbox 3524 4817 3741 4887; x_wconf 88' lang='lat' dir='ltr'>minus</span> <span class='ocrx_word' id='word_1_290' title='bbox 3797 4815 4191 4913; x_wconf 82' lang='lat' dir='ltr'>regulariter</span> <span class='ocrx_word' id='word_1_291' title='bbox 4220 4815 4554 4917; x_wconf 69' lang='lat' dir='ltr'>polycho-</span> 
     </span>
     <span class='ocr_line' id='line_1_35' title="bbox 1288 4927 4554 5032; baseline 0.002 -30"><span class='ocrx_word' id='word_1_292' title='bbox 1288 4945 1529 5002; x_wconf 87' lang='lat' dir='ltr'>tomus.</span> <span class='ocrx_word' id='word_1_293' title='bbox 1634 4927 2006 5027; x_wconf 87' lang='lat' dir='ltr'>Segmenta</span> <span class='ocrx_word' id='word_1_294' title='bbox 2076 4931 2219 5002; x_wconf 91' lang='lat' dir='ltr'>basi</span> <span class='ocrx_word' id='word_1_295' title='bbox 2299 4942 2631 5003; x_wconf 89' lang='lat' dir='ltr'>attenuata</span> <span class='ocrx_word' id='word_1_296' title='bbox 2680 4934 2938 5005; x_wconf 89' lang='lat' dir='ltr'>unciam</span> <span class='ocrx_word' id='word_1_297' title='bbox 2997 4934 3035 5004; x_wconf 89' lang='lat' dir='ltr'>l.</span> <span class='ocrx_word' id='word_1_298' title='bbox 3085 4931 3259 5005; x_wconf 87' lang='lat' dir='ltr'>duos</span> <span class='ocrx_word' id='word_1_299' title='bbox 3311 4932 3596 5032; x_wconf 84' lang='lat' dir='ltr'>pollices</span> <span class='ocrx_word' id='word_1_300' title='bbox 3655 4934 3811 5015; x_wconf 84' lang='lat' dir='ltr'>lata;</span> <span class='ocrx_word' id='word_1_301' title='bbox 3893 4936 4241 5032; x_wconf 86' lang='lat' dir='ltr'>superiora</span> <span class='ocrx_word' id='word_1_302' title='bbox 4314 4937 4379 5007; x_wconf 92' lang='lat' dir='ltr'>in</span> <span class='ocrx_word' id='word_1_303' title='bbox 4461 4935 4554 5006; x_wconf 87' lang='lat' dir='ltr'>la-</span> 
     </span>
    </p>
   </div>
   <div class='ocr_carea' id='block_1_13' title="bbox 1286 5048 4555 5506">
    <p class='ocr_par' dir='ltr' id='par_1_15' title="bbox 1286 5048 4555 5506">
     <span class='ocr_line' id='line_1_36' title="bbox 1288 5048 4553 5152; baseline 0.001 -31"><span class='ocrx_word' id='word_1_304' title='bbox 1288 5051 1493 5121; x_wconf 89' lang='lat' dir='ltr'>cinias</span> <span class='ocrx_word' id='word_1_305' title='bbox 1571 5048 2067 5146; x_wconf 73' lang='lat' dir='ltr'>palinatisectas</span> <span class='ocrx_word' id='word_1_306' title='bbox 2155 5048 2472 5135; x_wconf 76' lang='lat' dir='ltr'>lineares,</span> <span class='ocrx_word' id='word_1_307' title='bbox 2552 5050 2893 5148; x_wconf 88' lang='lat' dir='ltr'>simplices</span> <span class='ocrx_word' id='word_1_308' title='bbox 2975 5050 3011 5120; x_wconf 92' lang='grc' dir='ltr'>Ι.</span> <span class='ocrx_word' id='word_1_309' title='bbox 3092 5051 3328 5122; x_wconf 90' lang='lat' dir='ltr'>iterum</span> <span class='ocrx_word' id='word_1_310' title='bbox 3390 5050 3670 5135; x_wconf 82' lang='lat' dir='ltr'>divisas,</span> <span class='ocrx_word' id='word_1_311' title='bbox 3723 5057 3983 5151; x_wconf 88' lang='lat' dir='ltr'>partita.</span> <span class='ocrx_word' id='word_1_312' title='bbox 4087 5048 4553 5152; x_wconf 85' lang='lat' dir='ltr'>Sporocarpia</span> 
     </span>
     <span class='ocr_line' id='line_1_37' title="bbox 1288 5166 4555 5267; baseline 0.002 -31"><span class='ocrx_word' id='word_1_313' title='bbox 1288 5167 1509 5237; x_wconf 85' lang='lat' dir='ltr'>omnia</span> <span class='ocrx_word' id='word_1_314' title='bbox 1557 5167 1619 5237; x_wconf 89' lang='lat' dir='ltr'>in</span> <span class='ocrx_word' id='word_1_315' title='bbox 1680 5167 1833 5264; x_wconf 89' lang='lat' dir='ltr'>ipso</span> <span class='ocrx_word' id='word_1_316' title='bbox 1901 5167 2198 5263; x_wconf 81' lang='lat' dir='ltr'>margine</span> <span class='ocrx_word' id='word_1_317' title='bbox 2253 5168 2408 5251; x_wconf 91' lang='lat' dir='ltr'>sita,</span> <span class='ocrx_word' id='word_1_318' title='bbox 2468 5193 2594 5239; x_wconf 87' lang='lat' dir='ltr'>nec</span> <span class='ocrx_word' id='word_1_319' title='bbox 2648 5191 2935 5264; x_wconf 85' lang='lat' dir='ltr'>unquam</span> <span class='ocrx_word' id='word_1_320' title='bbox 2993 5194 3118 5266; x_wconf 89' lang='lat' dir='ltr'>per</span> <span class='ocrx_word' id='word_1_321' title='bbox 3170 5166 3428 5239; x_wconf 84' lang='lat' dir='ltr'>discum</span> <span class='ocrx_word' id='word_1_322' title='bbox 3485 5195 3753 5267; x_wconf 89' lang='lat' dir='ltr'>sparsa,</span> <span class='ocrx_word' id='word_1_323' title='bbox 3807 5197 3935 5242; x_wconf 81' lang='lat' dir='ltr'>nec.</span> <span class='ocrx_word' id='word_1_324' title='bbox 3987 5168 4555 5267; x_wconf 84' lang='lat' dir='ltr'>hemisphaerica,</span> 
     </span>
     <span class='ocr_line' id='line_1_38' title="bbox 1287 5284 4555 5385; baseline 0 -27"><span class='ocrx_word' id='word_1_325' title='bbox 1287 5284 1412 5358; x_wconf 91' lang='lat' dir='ltr'>sed</span> <span class='ocrx_word' id='word_1_326' title='bbox 1469 5310 1628 5357; x_wconf 84' lang='lat' dir='ltr'>vere</span> <span class='ocrx_word' id='word_1_327' title='bbox 1678 5284 2003 5382; x_wconf 88' lang='lat' dir='ltr'>globosa,</span> <span class='ocrx_word' id='word_1_328' title='bbox 2055 5308 2459 5382; x_wconf 88' lang='lat' dir='ltr'>quamquam</span> <span class='ocrx_word' id='word_1_329' title='bbox 2535 5287 2679 5358; x_wconf 88' lang='lat' dir='ltr'>basi</span> <span class='ocrx_word' id='word_1_330' title='bbox 2752 5285 3021 5383; x_wconf 86' lang='lat' dir='ltr'>paululo</span> <span class='ocrx_word' id='word_1_331' title='bbox 3092 5285 3301 5358; x_wconf 88' lang='lat' dir='ltr'>latiori</span> <span class='ocrx_word' id='word_1_332' title='bbox 3356 5286 3629 5373; x_wconf 84' lang='lat' dir='ltr'>adnata,</span> <span class='ocrx_word' id='word_1_333' title='bbox 3687 5313 3858 5385; x_wconf 88' lang='lat' dir='ltr'>poro</span> <span class='ocrx_word' id='word_1_334' title='bbox 3906 5300 4201 5385; x_wconf 88' lang='lat' dir='ltr'>pertusa.</span> <span class='ocrx_word' id='word_1_335' title='bbox 4282 5285 4555 5385; x_wconf 82' lang='lat' dir='ltr'>Sporu-</span> 
     </span>
     <span class='ocr_line' id='line_1_39' title="bbox 1286 5401 4551 5506; baseline 0.001 -31"><span class='ocrx_word' id='word_1_336' title='bbox 1286 5403 1574 5503; x_wconf 89' lang='lat' dir='ltr'>phorum</span> <span class='ocrx_word' id='word_1_337' title='bbox 1651 5404 1714 5475; x_wconf 90' lang='lat' dir='ltr'>in</span> <span class='ocrx_word' id='word_1_338' title='bbox 1793 5402 2106 5501; x_wconf 82' lang='lat' dir='ltr'>excipulo</span> <span class='ocrx_word' id='word_1_339' title='bbox 2192 5403 2618 5499; x_wconf 84' lang='lat' dir='ltr'>sporocarpii</span> <span class='ocrx_word' id='word_1_340' title='bbox 2702 5401 3644 5502; x_wconf 82' lang='lat' dir='ltr'>hemisphaerico-elevatum,</span> <span class='ocrx_word' id='word_1_341' title='bbox 3697 5404 4394 5506; x_wconf 73' lang='lat' dir='ltr'>parent-hymaticun13</span> <span class='ocrx_word' id='word_1_342' title='bbox 4450 5407 4551 5489; x_wconf 82' lang='lat' dir='ltr'>fila</span> 
     </span>
    </p>
   </div>
  </div>
 </body>
</html>
