4984 6517
1358 579 1532 668 298

1446 796 1515 869 4.
1576 794 1896 869 δελέατα
1956 821 1995 866 e
2072 785 2333 865 Wacba
2403 802 2666 888 gnua.
2770 789 3573 888 (Grawaclce-Skiffer).
3687 790 4016 866 Schisms
4095 789 4529 893 argillaceus

1247 910 1682 1012 primitivus,
1737 910 1862 1012 qui
1912 906 2307 1012 agglutinat
2354 915 2604 1008 partes
2651 904 3026 1009 angulatas
3080 907 3510 1010 antiquioris
3560 908 3826 986 Schisti
3869 933 4023 1012 arg.
4079 907 4418 1009 primitivi
4462 917 4534 985 et

1247 1028 1654 1132 fragmenta
1712 1026 1987 1121 Quarzi
2032 1034 2255 1128 atque
2305 1023 2572 1100 Schisti
2621 1023 2853 1099 silicei
2903 1027 3414 1126 provenientia
3457 1052 3504 1102 e
3555 1027 3998 1102 formatione
4064 1026 4530 1103 transitionis.

1448 1163 1526 1237 In
1579 1160 2013 1237 formatione
2067 1157 2509 1235 transitionis
2566 1159 2924 1236 montium
2974 1159 3308 1238 Wackae
3356 1161 3667 1265 griseae.
3773 1162 4009 1237 Deest
4075 1161 4151 1237 in
4238 1162 4523 1237 Suecia.

1550 1299 1741 1372 Gen.
1812 1296 1927 1370 16.
1979 1296 2302 1370 Solemus
2352 1296 2772 1370 oblat-incus.

1457 1437 1521 1508 1.
1580 1434 1900 1508 Schistus
1973 1434 2390 1506 chloriticus.
2498 1426 2879 1512 Chlorites‚
2957 1430 3170 1525 cujus
3241 1429 3459 1506 cunei
3533 1439 3608 1506 et
3673 1430 3988 1507 laminae
4063 1430 4527 1505 continentur

1245 1553 1361 1638 ita,
1408 1558 1487 1624 ut
1538 1560 1831 1627 textura
1876 1549 2235 1626 schistosa
2286 1545 2565 1621 evadat.
2675 1543 2904 1619 Color
2954 1544 3222 1634 viridis,
3261 1572 3430 1622 raro
3482 1550 3770 1625 caesius
3819 1548 3937 1624 vel
3989 1549 4216 1652 niger.

1445 1686 1594 1760 Per
1642 1711 1725 1760 se
1779 1684 2236 1787 potissimum
2287 1680 2652 1756 invenitur
2701 1678 2775 1754 in
2830 1677 3096 1755 vicinio
3149 1682 3543 1784 sequentis.

1449 1820 1517 1894 2.
1573 1821 2059 1896 ltacolumites.
2168 1818 2542 1909 Quarznm
2597 1813 2670 1888 in
2719 1813 2966 1916 granis
3019 1823 3093 1891 et
3155 1815 3479 1906 lamellis,
3556 1826 3979 1896 contentum
4033 1816 4355 1893 Chlorite
4409 1816 4528 1900 ita,

1247 1946 1327 2011 ut
1376 1946 1661 2012 textura
1708 1938 1800 2013 sit
1848 1960 2167 2040 granosa
2215 1932 2334 2009 vel
2383 1931 2759 2009 schistosa.

1450 2071 1791 2148 Occurrit
1833 2071 1989 2146 fere
2036 2067 2509 2144 solummodo
2562 2066 2636 2140 in
2686 2063 3008 2142 Brasilia.

1547 2232 1608 2281 a.
1673 2207 2036 2292 Quarzum
2088 2204 2542 2278 chloriticum.
2651 2202 3025 2292 Quarzum
3079 2200 3152 2276 in
3203 2201 3596 2302 superficie
3648 2203 3921 2291 nitens,
3994 2201 4347 2289 solidum,
4422 2203 4516 2277 se·

1241 2337 1652 2409 stncosum,
1706 2322 2068 2397 interdum
2124 2317 2562 2394 schistosum
2620 2344 2664 2393 e
2718 2317 3335 2396 Chloriteintime
3361 2321 3630 2408 innato,
3677 2320 3878 2395 unde
3907 2321 4285 2412 Quarzum
4316 2320 4514 2395 colo·

1243 2448 1441 2513 ratur
1490 2440 1740 2514 viride.
1844 2441 1924 2513 In
1975 2464 2065 2513 eo
2119 2444 2288 2511 sunt
2327 2433 2737 2510 secundum
2789 2435 2953 2513 saxi
3004 2438 3482 2516 directionem
3536 2439 3700 2513 loca
3723 2462 3991 2526 vacua,
4043 2462 4356 2539 quorum
4393 2464 4515 2539 pa-

1245 2557 1464 2633 rietes
1514 2568 1855 2660 teguntur
1901 2555 2176 2648 Quarzi
2229 2552 2588 2653 crystallis
2632 2553 3034 2653 pellucidis.
3138 2556 3543 2657 (Offerdals
3592 2539 4070 2656 Diama'nter).

1443 2692 1766 2767 Pertinet
1815 2690 1906 2765 ad
1957 2687 2270 2764 eandem
2322 2686 2834 2763 formationem
2889 2702 3107 2791 atque
3155 2688 3666 2769 ltacolumites.
3772 2690 3854 2765 In
3901 2689 4168 2765 Suecia
4198 2691 4513 2765 occurrit

1240 2808 1313 2883 in
1368 2808 1697 2884 Ofl'erdal
1750 2818 1823 2884 et
1874 2805 2203 2909 pluribus
2254 2805 2566 2881 Jemtiae
2612 2804 2815 2881 locis,
2915 2807 3034 2884 De
3085 2818 3337 2886 cetero
3385 2809 3458 2885 in
3508 2810 3812 2910 Europa
3862 2807 4213 2910 ignotum.

1444 2946 1512 3019 3.
1563 2947 1883 3019 Schistus
1957 2945 2194 3015 Micae
2236 2943 2558 3038 ferreae.
2677 2940 3161 3020 Itacolumites
3242 2968 3409 3018 cum
3489 2942 3847 3045 glandulis
3925 2940 4163 3018 Micae
4203 2942 4508 3020 ferreae.

1309 3163 1314 3168 ⁶
1445 3064 1770 3138 Pertinet
1816 3059 1908 3134 ad
1964 3058 2276 3133 eandem
2335 3055 2852 3136 formationem
2904 3068 3123 3162 atque
3176 3060 3684 3138 Itacolumites.
3795 3060 4137 3136 Occurrit
4175 3061 4269 3136 ad
4298 3062 4510 3137 Βὸιιό

1239 3180 1313 3255 in
1368 3179 1692 3255 Oflerdal
1737 3177 2066 3258 Jemtiae.

1543 3339 1606 3389 a.
1660 3312 2079 3388 leat-hintes.
2185 3312 2560 3402 Quarzum
2614 3314 3084 3394 Chloriticnm
3140 3338 3307 3389 cum
3361 3311 3553 3389 Mica
3595 3312 3856 3388 ferrea.
3967 3315 4298 3389 Textura
4324 3312 4508 3388 schi-

1241 3441 1471 3518 stosa‚
1528 3431 1892 3507 interdum
1945 3428 2179 3505 solida
2225 3439 2297 3503 et
2351 3450 2750 3532 compacta.

1541 3604 1730 3678 Gen.
1798 3599 1908 3674 17.
1963 3600 2442 3702 Serpentium.

1445 3742 1508 3810 1.
1562 3738 2020 3836 Serpentium
2072 3746 2465 3808 communis.
2571 3733 2913 3835 (Species
2961 3731 3531 3835 mineralogica).

1540 3903 1728 3976 Gen.
1793 3902 1903 3973 18.
1964 3899 2282 3973 Schistus
2332 3914 2789 3997 magnesicns.

1443 4039 1502 4109 1.
1562 4035 1878 4109 Schistus
1930 4044 2383 4131 magnericus.
2494 4034 2775 4115 Silicias
2817 4032 3313 4136 magnesicum
3367 4032 3873 4134 anhydricum,
3932 4039 4152 4142 vulgo
4197 4040 4499 4114 mixtum

1237 4176 1402 4227 cum
1463 4150 1803 4225 Chlorite.
1908 4152 2238 4225 Textura
2291 4150 2667 4228 schistosa.
2778 4153 3005 4227 Color
3062 4151 3345 4226 albidus
3412 4151 3484 4226 in
3553 4152 3785 4229 viride
3858 4181 4208 4260 vergens,
4288 4158 4501 4233 inter·

1233 4270 1406 4343 dum
1463 4267 1887 4346 ochraceus.
1994 4268 2268 4343 Fissilis
2321 4279 2394 4345 et
2444 4280 2634 4347 tactu
2688 4270 2995 4373 pinguis.

1433 4404 1713 4478 Parvae
1765 4428 2048 4478 massae
2103 4414 2499 4479 occurrunt
2546 4405 2618 4483 in
2670 4404 2917 4492 Dalia‚
2967 4403 3515 4480 lvermelandia
3567 4412 3641 4479 et
3690 4405 3785 4481 ad
3837 4406 4131 4482 Handffl
4170 4409 4496 4485 Jemtiae.

1529 4558 1712 4630 Gen.
1771 4555 1884 4628 19.
1952 4555 2314 4640 Quat-zum
2368 4559 2910 4630 turmalinicum.

1435 4693 1498 4763 1.
1555 4692 1873 4764 Schistus
1929 4692 2437 4764 turmalinicus.
2547 4692 2921 4782 Quarzum
2981 4713 3147 4764 cum
3231 4686 3677 4766 Turmalino.
3788 4692 4117 4767 Textura
4190 4718 4501 4794 granosa

1230 4804 1346 4878 vel
1392 4803 1765 4879 schistosa.

1428 4938 1753 5013 Pertinet
1802 4938 2257 5038 potissimum
2311 4939 2405 5013 ad
2462 4938 2973 5015 formationem
3025 4937 3370 5013 Grauitae
3415 4936 3781 5014 lithionici.

1528 5097 1589 5146 a.
1649 5076 1926 5147 Saxum
1981 5086 2396 5175 topazicum.
2505 5075 2854 5173 Topazus
2913 5073 3144 5147 flavus
3219 5072 3291 5146 in
3372 5072 3618 5175 granis
3694 5081 3769 5147 et
3846 5072 4206 5172 crystallis
4287 5085 4500 5175 atque

1223 5187 1688 5291 Lithomarga
1744 5190 2080 5288 ejusdem
2136 5189 2409 5264 coloris
2458 5198 2713 5291 tegunt
2739 5190 3054 5288 parietes
3089 5188 3425 5265 loc-orum
3453 5213 3878 5266 vacuorum.
3986 5189 4150 5265 Hae
4179 5190 4502 5265 minerae

1222 5306 1577 5382 alternant
1628 5307 1699 5382 in
1756 5306 1966 5383 lineis
2020 5331 2187 5380 cum
2245 5309 2544 5399 Quarzo
2598 5305 2907 5384 albida„
