4984 6517
3472 528 3642 614 333

469 746 880 819 semilineam
947 745 988 817 Ι.
1060 742 1229 816 duas
1302 742 1512 816 lineas
1588 744 1944 832 distantes,
2010 745 2282 818 ramulis
2333 746 2573 817 vestiti.
2689 741 2962 816 Ramuli
3038 744 3752 847 dichotomo-pinnati,

468 861 832 934 filiformes.
938 859 1287 935 Vesiculae
1356 861 1612 933 semine
1665 859 1941 959 Sinapis
1991 865 2101 936 vix
2154 865 2481 958 majores,
2547 861 2900 959 apiculatae
2953 863 2993 933 l.
3050 864 3335 935 muticae.

783 1035 1054 1107 Forma
1103 1031 1177 1106 b:
1269 1034 1477 1107 caulis
1527 1035 1674 1107 basi
1723 1060 2164 1133 compressus
2222 1036 2315 1133 13
2366 1035 2606 1107 lineam
2661 1036 2926 1107 circiter
2968 1034 3170 1118 latus,
3222 1060 3399 1107 nunc
3454 1038 3754 1135 margine

468 1153 655 1226 nudo
731 1153 1043 1226 dentatus
1121 1154 1248 1248 (ob
1313 1152 1467 1224 folia
1521 1151 1851 1248 dejecta),
1909 1179 2085 1225 nunc
2136 1179 2223 1226 ex
2274 1152 2520 1225 eodem
2571 1151 2723 1224 folia
2786 1150 3200 1249 pinnatifida,
3245 1163 3318 1223 ut
3370 1179 3576 1251 supra
3628 1153 3750 1226 de-

471 1273 760 1369 scripta,
839 1269 1111 1343 rachide
1186 1272 1250 1342 in
1323 1295 1579 1341 ramum
1667 1282 2055 1356 extenuata,
2128 1296 2307 1343 nunc
2378 1296 2605 1342 ramos
2696 1269 3021 1342 distichos
3092 1271 3420 1342 emittens.
3544 1268 3747 1342 Rami

474 1390 1110 1488 angulato-teretes,
1168 1389 1311 1459 basi
1364 1385 1538 1460 foliis
1607 1387 2190 1487 lineari-oblongis
2259 1391 2537 1461 costatis
2592 1390 2856 1460 circiter
2905 1387 3339 1485 pollicaribus
3422 1389 3537 1477 (==
3593 1387 3752 1459 laci·

473 1509 599 1580 niis
674 1505 810 1578 folii
881 1506 1171 1603 primarii
1245 1503 1611 1603 pinnatifidi
1690 1530 1868 1576 nunc
1953 1507 2018 1577 in
2097 1531 2351 1577 ramum
2430 1507 2694 1601 mutati)
2764 1505 3068 1589 obsessi,
3135 1529 3429 1603 superne
3477 1504 3748 1577 ramulis

472 1624 1190 1721 dichotomo-pinnatis
1260 1621 1675 1694 filiformibus
1752 1624 1986 1696 ornati.
2055 1664 2147 1683 -·—
2225 1620 2713 1720 Fragmentum
2769 1621 2969 1718 hujus
3022 1621 3274 1724 plantae
3327 1621 3544 1694 solnm
3596 1621 3752 1698 mihi

475 1742 686 1815 adest.

780 1916 1048 1988 Forma
1128 1916 1433 1988 evoluta.-
1515 1913 1744 2015 planta
1810 1915 2286 2015 ,2-3·pedalis.
2442 1913 2677 1988 Callus
2766 1915 3075 1989 radicalis
3159 1913 3751 2012 hemisphaericus‚

476 2034 767 2120 solidus,
843 2030 1411 2105 uni-multicaulis.
1549 2031 1781 2105 Caulis
1834 2035 2187 2131 primarius
2245 2059 2720 2132 compressus,
2778 2045 3121 2106 ecostatus
3194 2037 3512 2131 (propter
3564 2057 3749 2104 cras-

476 2154 693 2224 sitiem
773 2163 961 2224 costa
1043 2150 1332 2223 rachidis
1404 2149 1538 2221 folii
1618 2152 1909 2249 primarii
1987 2158 2505 2246 evanescente),
2564 2151 2688 2222 1-9·
2757 2151 2961 2224 lineas
3013 2151 3184 2222 latus
3228 2162 3294 2222 et
3347 2150 3752 2222 semilineam

480 2271 747 2341 circiter
811 2295 1115 2354 crassus,
1192 2268 1480 2366 simplex
1545 2268 1586 2340 l.
1651 2294 1959 2344 ramosus
2045 2272 2116 2364 (i.
2171 2295 2230 2345 e.
2291 2271 2488 2344 ramis
2543 2271 3025 2367 compressis),
3082 2293 3120 2340 e
3175 2270 3474 2365 margine
3527 2292 3752 2344 ramos

473 2391 729 2485 (neque
812 2385 967 2457 folia
1046 2387 1274 2483 plana)
1345 2385 1672 2459 distichos
1738 2389 2068 2460 emittens.
2173 2385 2377 2459 Rami
2429 2387 2883 2485 2-3-pedales
2937 2386 3560 2483 ungulato-teretes,
3605 2385 3753 2458 basi

480 2531 705 2604 penna
759 2504 1140 2576 columbina
1194 2506 1308 2576 vix
1361 2505 1733 2576 crassiores
1785 2515 1854 2575 et
1911 2504 2312 2603 plerumque
2378 2506 2711 2587 muricati,
2788 2530 3082 2603 superne
3136 2502 3405 2576 ramulis
3451 2502 3749 2599 undique

485 2622 994 2721 egredientibus
1066 2623 1370 2707 obsessi,
1436 2623 2058 2720 circumscriptione
2130 2621 2432 2719 oblongi.
2539 2619 2809 2693 Ramuli
2860 2621 3390 2720 4-7-pollicares
3438 2620 3754 2716 elongati,

484 2740 777 2813 ramellis
830 2743 1007 2833 (sive
1059 2737 1264 2812 ramis
1315 2740 1484 2810 tertii
1540 2737 1826 2836 ordinis)
1899 2740 2055 2838 plus
2118 2742 2334 2811 minus
2391 2737 2603 2812 dense
2655 2741 2944 2811 obsessi.
3051 2736 3342 2810 Ramelli
3391 2737 3752 2834 pollicares

484 2861 525 2931 Ι.
586 2858 1117 2956 semipullicares
1146 2856 2080 2955 subcompresso-filiformes,
2112 2856 2793 2953 dichotomo-pinnati
2830 2856 2869 2927 l.
2911 2854 3134 2928 forsan
3159 2855 3389 2953 potius
3423 2854 3752 2939 multifidi,

482 2978 855 3049 tuberculis
923 2973 1558 3047 verrucaesormibus
1635 2977 1811 3048 intus
1857 2974 1961 3045 fila
2012 2973 2489 3046 confervoidea
2544 2973 2926 3045 foventibus
2981 2998 3293 3071 poroque
3337 2976 3632 3069 pertusis
3685 2985 3752 3045 et

476 3094 682 3167 valde
761 3094 1162 3169 distantibus
1241 3091 1583 3190 adspersi,
1659 3092 2105 3190 receptaculis
2187 3091 2640 3189 vesiculisque
2693 3093 2926 3164 ornati.
3028 3087 3496 3187 Receptacula
3553 3088 3749 3187 pedi—

481 3213 754 3298 cellata,
824 3211 1162 3309 pedicello
1245 3209 1482 3282 eadem
1540 3210 2130 3308 subaequantibus,
2181 3235 2358 3281 nunc
2412 3210 2701 3280 solitaria
2758 3235 2965 3294 nunc,
3025 3208 3446 3280 ramellorum
3506 3208 3753 3279 laciniis

473 3329 540 3402 in
587 3328 1016 3428 receptacula
1060 3328 1328 3425 longius
1376 3329 1859 3413 transmutatis,
1913 3327 2401 3425 frequentiora,
2455 3338 2751 3425 tuncque
2783 3353 2915 3398 non
2946 3352 3098 3398 raro
3128 3324 3560 3398 fasciculatim
3588 3351 3753 3396 con-

479 3460 711 3547 gesta,
766 3449 1000 3518 lineam
1052 3447 1316 3517 circiter
1368 3447 1479 3518 vix
1525 3447 1761 3543 longa,
1801 3457 1997 3517 ovata
2030 3444 2071 3516 1.
2107 3445 2678 3542 ovato-oblonga,
2712 3457 2905 3517 extus
2929 3445 3273 3541 insigniter
3302 3442 3752 3526 tuberculata,

479 3577 661 3652 intus
714 3563 1077 3662 scaphidiis
1124 3563 1335 3635 dense
1389 3566 1762 3661 compactis
1822 3564 2108 3661 repleta3
2187 3562 2533 3661 scapbidia
2585 3587 2786 3634 ascos
2839 3563 3199 3660 pauciores
3249 3585 3564 3657 magnos,
3618 3586 3751 3631 non

479 3710 634 3756 raro
688 3681 950 3769 0,45¹·-¹·
1005 3682 1240 3778 longa,
1289 3679 1689 3754 densissime
1743 3691 2157 3778 aggregatos
2208 3679 2642 3764 includentia3
2711 3680 2848 3750 asci
2891 3680 3274 3751 membrana
3305 3679 3754 3762 crassissima,

481 3828 671 3900 saepe
755 3802 1016 3884 (mm-1·
1072 3825 1330 3884 crassa,
1412 3800 1812 3885 constructi,
1890 3798 2119 3896 plures
2200 3795 2531 3869 divisione
2613 3797 2897 3894 (qualii’)
2961 3808 3231 3869 exortas
3284 3822 3525 3894 sporas
3577 3796 3753 3866 inclu

479 3919 754 4000 dentes3
809 3918 1126 3990 vesiculae
1178 3916 1633 4015 pedicellatae,
1687 3915 2026 4013 pedicello
2081 3912 2355 3988 easdem
2412 3915 2825 4012 longitudine
2877 3914 3087 4024 duplo
3129 3913 3535 3996 excedente,
3590 3913 3754 3984 sub-

479 4037 827 4134 ellipticae,
882 4035 1232 4132 apiculatae
1281 4035 1322 4105 l.
1377 4033 1708 4110 interdum
1759 4035 2056 4119 muticae,
2115 4033 2350 4106 lineam
2411 4035 2675 4105 circiter
2724 4033 2965 4130 longae.

793 4205 1233 4307 Cystophora
1289 4204 1589 4279 Sonderi
1636 4206 1707 4284 J.
1760 4208 1900 4303 Ag.
1948 4234 2106 4303 gen.
2152 4224 2226 4280 et
2266 4236 2371 4307 sp.
2411 4236 2496 4307 p,
2553 4212 2710 4295 247,
2793 4209 3018 4306 quoad
3075 4235 3294 4282 meum
3344 4208 3435 4284 ibi
3484 4209 3752 4279 citatum

478 4327 901 4410 herbarium,
960 4325 1045 4397 ad
1101 4325 1273 4397 hanc
1322 4324 1602 4396 formam
1646 4328 1918 4399 omnino
1975 4328 2278 4424 pertinet.
2329 4370 2426 4382 —
2482 4323 2666 4406 Quid
2725 4353 2890 4399 vero
2938 4328 3023 4398 sit
3074 4325 3475 4422 Sargassum
3529 4322 3752 4395 flacci·

487 4445 647 4517 dum
704 4444 913 4515 Sond.
970 4443 1136 4537 Alg.
1192 4443 1457 4514 Preiss.
1495 4470 1578 4541 p.
1634 4445 1731 4529 17,
1784 4443 1870 4516 ab
1929 4441 2075 4520 Cel.
2132 4441 2417 4541 Agardh
2470 4441 2808 4543 Cystoph.
2868 4439 3162 4526 Sonderi
3214 4455 3280 4514 et
3328 4467 3473 4544 mea
3526 4442 3750 4539 planta

481 4563 815 4645 habitum,
866 4560 1048 4631 dictu
1103 4558 1367 4633 videtur
1402 4559 1698 4646 difficile,
1752 4563 1807 4633 si
1860 4586 2109 4658 nempe
2164 4561 2571 4634 conserimus
2602 4561 2805 4634 verba
2838 4557 3136 4633 Sonderi
3172 4560 3209 4642 l,
3247 4586 3304 4631 c.
3344 4557 3594 4631 «Folia
3623 4612 3640 4631 .
3678 4616 3694 4631 .
3732 4617 3746 4630 .

480 4682 920 4761 subsetacea,
974 4678 1291 4775 pollicem
1348 4678 1547 4776 longa
1600 4678 1639 4749 l.
1697 4678 2045 4763 breviora,
2102 4677 2490 4750 dichotome
2549 4676 2795 4764 divisa,
2849 4691 3042 4750 aetatv
3095 4679 3334 4775 juniori
3364 4677 3753 4762 laevissima,

481 4811 721 4896 postea
810 4795 1179 4867 tuberculis
1235 4796 1454 4867 obsita
1511 4795 1810 4879 minutis,
1863 4795 2157 4891 sparsis,
2216 4798 2403 4892 poris
2435 4798 2761 4893 pertusis,
2818 4795 3303 4893 conceptacula
3357 4796 3753 4869 includenti-

480 4916 688 4986 bus.»
796 4909 975 4991 Quae
1031 4911 1443 4985 fructificatio
1493 4939 1646 4984 cum
1702 4937 1737 4981 a
1793 4922 2020 4984 nostra
2071 4913 2295 5010 planta
2348 4911 2435 4985 sit
2487 4917 2760 4984 omnino
2813 4913 3019 4985 aliena
3050 4924 3117 4986 et
3148 4915 3418 5011 species
3448 4910 3755 4986 Sonderi

477 5036 590 5104 vix
640 5032 761 5104 alia
819 5055 976 5103 esse
1030 5032 1282 5128 possit,
1333 5032 1726 5102 auctoritate.
1778 5026 2110 5126 Agardhii
2162 5056 2294 5102 non
2347 5033 2563 5103 minus
2606 5058 2805 5130 quam
2834 5033 3009 5104 notis
3041 5030 3568 5128 congruentibus
3616 5031 3754 5103 suf-

479 5150 656 5236 fulti,
704 5176 845 5222 rem
902 5147 1031 5219 alio
1085 5148 1311 5221 forsan
1368 5148 1573 5219 modo
1618 5147 1948 5220 illustrare
2004 5173 2387 5245 possumus.
2497 5146 2888 5223 Tubercula
2942 5150 3045 5221 illa
3109 5150 3172 5220 in
3229 5145 3549 5232 ramellis,
3605 5139 3757 5246 quae

3348 5264 3443 5335 44
