4984 6517
1308 569 1480 656 356

1202 781 1398 855 adest
1445 783 1769 854 internum
1815 781 1957 855 sere
2007 779 2510 882 isomorpbum,
2563 782 2758 876 cujus
2805 779 3192 854 cellularum
3244 782 3559 854 circuitus
3619 793 3774 854 sunt
3829 779 3969 854 sere
4020 780 4484 864 orbiculat-es,

1201 911 1273 972 et
1349 900 1539 997 ipsae
1608 898 1888 972 cellulae
1965 899 2333 973 substantia
2383 897 2850 972 intercellulari
2920 899 3074 998 plus
3124 901 3342 972 minus
3392 912 3811 997 segregatae,
3863 900 3903 970 l.
3957 897 4183 970 forsan
4239 900 4483 996 potius

1200 1018 1587 1090 membrana
1646 1018 1959 1089 crassiori
2044 1030 2505 1104 constructam
2586 1019 2651 1090 in
2731 1019 3036 1091 sectione
3118 1015 3572 1114 longitudinali
3652 1016 3961 1114 videntur
4005 1016 4132 1089 hae
4187 1015 4481 1090 cellulae

1201 1134 1765 1234 longitudinaliter
1819 1134 2192 1233 oblongae,
2243 1137 2308 1209 in
2361 1148 2596 1209 centro
2654 1134 2833 1207 thalli
2889 1134 3215 1208 diametro
3262 1134 3465 1233 2-p10
3500 1134 3539 1205 l.
3577 1134 3780 1233 3·plo
3811 1132 4189 1232 longiores,
4227 1160 4480 1207 versus

1201 1253 1654 1352 peripheriam
1709 1256 1957 1327 sensim
2015 1255 2309 1328 minores
2362 1266 2460 1340 et,
2513 1254 2569 1327 si
2624 1279 2857 1326 verum
2908 1253 3145 1340 video,
3195 1256 3260 1325 in
3318 1251 3594 1326 cellulas
3650 1254 3834 1324 strati
3889 1253 4223 1325 corticalis
4253 1251 4477 1324 forma

1203 1373 1551 1444 abeuntes.
1664 1368 2040 1470 Utramque
2120 1373 2490 1446 sectionem
2573 1375 2628 1444 si
2706 1373 2909 1470 igitur
2985 1371 3424 1456 conferimus,
3505 1368 3815 1442 videntur
3888 1369 4166 1443 cellulae
4249 1371 4477 1442 saltim

1203 1491 1535 1563 centrales
1587 1492 1768 1563 strati
1815 1492 2052 1562 interni
2109 1516 2268 1564 vere
2320 1491 2809 1591 cylindraceae,
2861 1517 3020 1578 nec,
3074 1503 3147 1561 ut
3196 1491 3259 1562 in
3312 1488 3470 1573 illis,
3516 1513 3685 1586 quas
3740 1486 3892 1572 vidi,
3945 1485 4478 1589 Gymnogongri

1204 1610 1602 1707 speciebus,
1655 1608 2434 1706 angulato·rotundatae,
2516 1608 2808 1707 indeque
2862 1621 3158 1681 nostram
3238 1608 3539 1706 speciem
3595 1604 3684 1677 ad
3736 1603 4138 1678 Ahnfeltiam
4217 1607 4476 1679 referre

1206 1738 1486 1798 coactus
1539 1725 1628 1797 sui
1678 1752 1763 1799 eo
1812 1728 2049 1823 magis,
2077 1727 2260 1825 quod
2317 1754 2469 1801 cum
2525 1754 2604 1800 ea
2661 1726 2887 1826 quoad
2940 1739 3338 1799 structuram
3394 1726 3709 1797 convenit
3786 1726 4054 1796 omnino
4129 1723 4472 1798 Abnseltia

1202 1843 1685 1942 gigartinoides
1731 1843 1803 1916 J.
1857 1843 1998 1939 Ag.
2050 1844 2093 1915 l.
2147 1872 2204 1916 c.

1515 1997 1632 2069 An
1678 2000 1761 2070 sit
1814 1997 2035 2070 autem
2083 2001 2215 2095 jam
2266 2010 2458 2071 antea
2515 1999 2886 2098 descripta,
2940 2001 3247 2097 quaestio
3302 2009 3408 2070 est
3458 1997 3681 2070 solutu
3721 1996 4064 2069 difficilior.
4130 1993 4476 2068 Ahnseltia

1208 2119 1533 2190 concinna
1591 2113 1655 2187 J.
1711 2114 1847 2214 Ag.
1900 2116 1938 2187 l.
1994 2143 2052 2188 c.
2109 2115 2334 2213 quoad
2389 2115 2916 2216 descriptionem
2971 2142 3106 2189 non
3154 2115 3326 2187 male
3380 2117 3690 2213 congruit
3741 2128 3810 2187 et
3861 2113 4079 2187 differt
4129 2112 4354 2185 forsan
4407 2116 4473 2186 in

1209 2263 1294 2308 eo
1344 2247 1617 2320 tantum,
1676 2234 1863 2332 quod
1912 2246 2261 2332 segmenta
2311 2237 2660 2333 superiora
2716 2236 3170 2309 exsiccatione
3213 2234 3656 2320 collabuntur,
3683 2235 3746 2305 in
3787 2245 4011 2305 nostra
4051 2258 4216 2304 vero
4249 2231 4477 2331 planta

1207 2365 1363 2426 suut
1412 2354 1750 2423 immutata
1817 2364 1885 2425 et
1959 2352 2377 2452 rigidissima.
2487 2350 2625 2426 Vix
2681 2379 2846 2427 vero
2900 2353 3072 2425 haec
3135 2377 3292 2426 esse
3345 2363 3608 2451 potest,
3662 2377 3813 2424 cum
3870 2377 3905 2421 a
3963 2348 4111 2423 Cel.
4168 2350 4476 2445 Agardh

1209 2469 1291 2542 ad
1371 2496 1571 2569 quem
1635 2495 1850 2542 meam
1928 2473 2075 2543 misi
2128 2472 2448 2570 plantam,
2503 2470 2672 2544 haec
2725 2497 2854 2570 pro
2909 2471 3012 2543 illa
3068 2497 3203 2544 non
3257 2472 3342 2543 sit
3388 2469 3631 2542 habita.
3714 2467 4306 2571 Gymnogongrus
4353 2471 4476 2539 im-

1207 2588 1495 2688 plicatus
1546 2585 1749 2659 Kritz.
1802 2585 2203 2689 Phymgen.
2256 2617 2379 2662 sev
2432 2587 2768 2662 Abnfeltia
2827 2586 3201 2661 Durvillaei
3254 2586 3318 2661 J.
3373 2587 3507 2687 Ag.
3561 2588 3598 2659 Ι.
3655 2614 3712 2661 c.
3745 2586 3876 2659 huc
3910 2586 4134 2659 forsan
4166 2589 4476 2685 pertinet,

1210 2707 1400 2807 quod
1454 2732 1615 2779 vero
1666 2732 1706 2779 e
1761 2705 2331 2805 descriptionibus
2383 2708 2809 2807 incompletis
2855 2710 2966 2780 vix
3016 2708 3348 2804 enucleari
3405 2718 3654 2806 potest.

2170 2891 2438 2967 XXIV.
2527 2890 3186 2968 HOLONEMA
3239 2892 3526 2966 Aresch.

1516 3022 1817 3101 Thallus
1890 3026 2532 3126 purpureo-ruber
2576 3027 3052 3130 spongiosos,
3110 3052 3476 3112 ramosus,
3533 3023 3670 3099 filis
3722 3021 4062 3097 tenuibus
4119 3019 4477 3095 cellulari-

1212 3141 1352 3217 bus
1405 3142 1592 3216 inter
1634 3168 1718 3217 se
1771 3142 2023 3218 liberis
2075 3143 2322 3220 densis
2375 3144 3149 3221 dichotomo-ramosis
3201 3141 3844 3247 longitudinalibus
3877 3164 4122 3214 ramos
4152 3136 4477 3238 undique

1211 3259 1307 3334 ad
1351 3258 1542 3334 thalli
1598 3260 2085 3361 peripheriam
2142 3262 2587 3339 mittentibus
2632 3273 3110 3339 constructus.
3224 3260 3545 3338 Cellulae
3596 3258 3886 3333 filorum
3911 3259 4014 3332 ‘in
4069 3254 4482 3355 peripheria

1208 3376 1403 3453 thalli
1483 3377 2336 3482 elliptico-subglobosae
2402 3381 2812 3458 emittentes
2887 3381 3003 3456 fila
3073 3380 3426 3482 simplicia
3491 3375 3856 3455 cellularia
3912 3372 4209 3450 thallum
4261 3387 4479 3450 extus

1211 3495 1381 3571 villo
1435 3495 1870 3571 densissimo
1926 3497 2398 3584 investientia,

1520 3648 1759 3722 Planta
1815 3663 2000 3726 certe
2055 3652 2408 3750 singularis
2454 3669 2861 3730 structurae:
2915 3659 2976 3728 in
3026 3655 3248 3729 medio
3304 3653 3508 3725 thallo
3547 3651 3648 3724 fila
3680 3650 3919 3725 adsunt
3946 3648 4478 3747 longitudinalia,

1211 3768 1537 3840 diametro
1591 3769 1855 3851 0,οἳἒὲ
1907 3774 2013 3842 vix
2069 3775 2485 3868 superantia,
2538 3773 2662 3846 sed
2712 3774 3041 3847 interdum
3095 3773 3294 3857 infra,
3349 3771 3605 3844 cellulis
3657 3768 4100 3871 cylindraceis
4152 3767 4478 3840 diametro

1219 3885 1602 3983 10-16-p10
1684 3886 2102 3986 longioribus
2161 3902 2580 3976 constructa,
2653 3894 2836 3963 vario
2917 3891 3125 3966 modo
3215 3893 3488 3975 intorta,
3535 3901 3599 3960 at
3651 3887 3833 3959 nullo
3893 3912 4093 3958 muco
4152 3884 4480 3970 cohibita,

1211 4002 1942 4090 dichotomo-ramosa,
2022 4010 2221 4078 ramis
2301 4008 2387 4079 ad
2467 4009 2918 4108 peripheriam
2997 4010 3174 4082 thalli
3254 4007 3689 4089 abeuntibus;
3773 4030 4108 4077 ramorum
4166 4006 4232 4075 in
4303 4002 4482 4076 thalli

1211 4121 1593 4221 peripheria
1670 4124 2065 4194 intortorum
2145 4124 2423 4198 cellulae
2501 4126 2636 4199 hoc
2719 4129 2871 4201 loco
2950 4130 3011 4199 in
3093 4126 3371 4199 formam
3423 4137 3689 4197 ovatam
3753 4123 3792 4194 l.
3846 4121 4484 4219 ovato-ellipticam,

1212 4264 1363 4311 raro
1405 4239 1992 4339 subsphaericam‚
2043 4242 2594 4331 intumescentes,
2640 4245 2964 4319 diametro
3002 4246 3325 4329 maximo,
3359 4269 3560 4342 quem
3595 4241 3762 4327 vidi,
3808 4242 4072 4324 0,(1829
4116 4252 4486 4337 aequante,

1210 4359 1385 4430 intus
1439 4358 1735 4456 granulis
1784 4360 2050 4433 minutis
2102 4372 2170 4432 at
2221 4361 2647 4437 evidentibus
2700 4362 2982 4447 farctae3
3032 4389 3118 4436 ex
3165 4362 3442 4460 singulis
3489 4359 3592 4432 his
3648 4359 3903 4432 cellulis
3946 4357 4205 4454 singula
4236 4371 4488 4430 exeunt

1212 4475 1350 4563 fila,
1403 4477 1664 4560 (λθῖἱὲ
1718 4474 2044 4549 diametro
2098 4482 2483 4577 aequantia,
2542 4480 2796 4554 cellulis
2852 4479 3296 4581 cylindraceis
3355 4478 3646 4550 diameto
3676 4502 3895 4576 usque
3925 4475 4129 4573 2-plo
4160 4475 4488 4572 longiori-

1210 4595 1374 4680 bus,
1419 4596 1593 4666 intus
1647 4592 2176 4668 endochromate
2231 4597 2534 4671 colorato
2584 4600 2865 4684 ornatis,
2915 4598 3437 4697 simplicissima,
3477 4622 3715 4694 parum
3765 4606 4097 4666 attenuata
4129 4605 4486 4690 totumque

1212 4710 1479 4784 thallum
1533 4723 1726 4785 extus
1780 4712 1937 4784 villo
1983 4713 2199 4786 denso
2248 4716 2698 4801 investientia,
2748 4715 2928 4789 unde
2980 4715 3247 4788 habitus
3297 4715 3564 4813 plantae
3623 4714 4058 4811 spongiosus.

1512 4847 1819 4949 Ubique,
1874 4862 1944 4921 ut
1996 4853 2126 4947 jam
2182 4852 2499 4940 diximus,
2558 4857 2805 4928 nullum
2861 4857 3373 4929 observavimus
3429 4880 3729 4939 mucum,
3789 4853 3894 4926 fila
3949 4851 4131 4924 thalli
4199 4848 4486 4945 conglu-

1209 4971 1555 5052 tinantem;
1608 4970 1661 5039 si
1720 4994 1800 5041 ea
1853 4968 1961 5039 tali
2010 4997 2208 5044 muco
2267 4973 2561 5046 cohibita
2616 4978 2835 5047 animo
2889 4974 3231 5073 fingimus,
3285 4974 3612 5046 habemus
3665 4974 3784 5044 tria
3845 4971 4021 5043 thalli
4054 4980 4299 5053 strata,
4353 4968 4486 5038 sci·-

1210 5086 1396 5158 licet:
1456 5089 1631 5158 lzmo
1686 5086 1980 5158 centrale
2033 5088 2157 5161 filis
2204 5088 2329 5162 illis
2381 5090 3004 5189 longitudinalibus,
3052 5091 3215 5164 22do
3253 5089 3717 5164 intermedium
3751 5088 4008 5162 cellulis
4037 5089 4164 5159 illis
4197 5088 4484 5157 intume-

1209 5205 1555 5278 scentibus
1605 5229 1936 5275 ramorum
1991 5217 2060 5276 et
2115 5207 2280 5278 3ztio
2310 5212 2628 5283 corticale
2655 5211 2778 5284 lilis
2808 5209 3074 5282 thallum
3102 5222 3296 5283 extus
3317 5208 3718 5283 verticaliter
3743 5208 4074 5304 impositis
4106 5205 4483 5276 formatum.

1210 5319 1371 5395 Hoc
1443 5320 1650 5394 modo
1721 5322 2095 5421 analogiam
2170 5325 2542 5420 quandum,
2592 5342 2991 5402 structuram
3046 5354 3198 5401 cum
3260 5329 3691 5427 respicimus,
3741 5351 3892 5397 cum
3957 5321 4334 5397 Chordaria
4384 5322 4486 5392 in·
