4984 6517
1343 589 1491 649 vm

1239 770 1822 849 MALMSTEN
1897 771 2089 873 (Car.
2133 770 2355 872 Joh.),
2422 769 2824 847 Matheseos
2897 770 3263 848 Professor
3335 768 3792 873 Upsaliensis,
3842 768 4021 871 Reg.
4074 769 4434 847 Societatis

1440 891 1779 972 Quaestor.

1246 1025 1624 1105 WREDE
1678 1024 1992 1123 (Fabian.
2049 1025 2357 1127 Jacob),
2411 1024 2566 1100 Lib.
2617 1022 2840 1113 Baro,
2891 1022 3024 1099 Rei
3102 1021 3589 1098 Tormentariae
3638 1022 4012 1099 Praefectus
4057 1021 4445 1108 Generalis,

1438 1144 1665 1245 Regg.
1739 1142 1956 1218 Ordd.
2029 1140 2432 1232 Ensiferor.,
2504 1142 2937 1242 Danebrog.,
3005 1140 3329 1243 Legionis
3380 1141 3714 1230 Honoris,
3766 1140 3844 1216 S.
3897 1141 4053 1216 Joh.
4100 1140 4439 1256 Hierospl.

1446 1277 1574 1338 eet.
1639 1259 1897 1361 Eques.

1246 1395 1799 1474 SELANDER
1865 1394 2057 1494 (Nic.
2107 1394 2405 1496 Haqu.),
2468 1393 2650 1495 Reg.
2713 1392 2933 1470 Aead.
2982 1392 3332 1471 Scientiar.
3386 1391 3797 1470 Holmiensis
3869 1395 4324 1470 Astronomus
4353 1407 4448 1469 ·et

1443 1515 1837 1602 Professor,
1887 1513 2051 1614 Reg
2099 1514 2271 1590 ord.
2332 1514 2419 1589 de
2471 1512 2684 1589 Stella
2735 1511 2964 1588 Polari
3013 1540 3140 1587 nec
3188 1539 3319 1587 non
3375 1512 3461 1587 de
3496 1511 3567 1587 S.
3601 1513 3801 1586 Anna
3840 1515 3903 1586 in
3943 1513 4042 1586 (31.
4077 1512 4165 1586 Π.
4187 1510 4444 1613 Eques.

1243 1632 1678 1724 BJORLIN
1683 1646 1754 1722 G
1804 1645 2198 1745 (Immanuel
2248 1645 2533 1749 Gabr.),
2580 1646 2981 1724 Matheseos
3021 1646 3278 1724 Lector
3325 1644 3506 1748 Reg.
3564 1619 3914 1750 Gymnasii
3964 1648 4373 1723 Arosiensis.

1244 1781 1828 1861 MOSANDER
1872 1781 2066 1883 (Car.
2143 1782 2414 1882 Gust),
2464 1781 2819 1858 Pharmac.
2894 1796 2964 1858 et
3023 1782 3261 1858 Chem.
3331 1781 3696 1858 Professor
3775 1781 4216 1870 Holmiensis,
4267 1781 4445 1883 Reg.

1451 1901 1619 1975 ord.
1675 1901 1761 1976 de
1809 1898 2023 1975 Stella
2069 1898 2299 1974 Polari
2349 1896 2610 2000 Eques.

1250 2034 1907 2112 SUNDEWALL
1961 2033 2471 2136 (Fredericus),
2516 2034 2742 2112 Med.
2763 2034 3068 2124 Doctor,
3116 2034 3496 2111 Anatomiae
3546 2049 3615 2109 et
3659 2033 4123 2138 Physiologiae
4169 2032 4450 2109 Profes-

1449 2182 1565 2229 sor
1610 2152 2052 2255 Upsaliensis.

1252 2286 1518 2363 GLAS
1574 2289 1934 2390 (Olavus),
1984 2288 2181 2365 Med.
2236 2288 2540 2377 Ductor,
2590 2286 2958 2364 Medicinae
3007 2287 3374 2363 Professor
3427 2285 3870 2388 Upsaliensis.

1251 2421 1868 2526 WALLQUIST
1951 2423 2307 2527 (Elavus),
2355 2423 2550 2500 Med.
2608 2436 2678 2499 et
2726 2423 2983 2499 Philos.
3054 2422 3358 2513 Doctor,
3413 2422 3715 2498 Chemiae
3762 2422 4127 2499 Professor
4176 2420 4451 2524 Upsali-

1450 2545 1662 2629 ensis,
1705 2541 1885 2643 Reg.
1943 2543 2113 2618 Ord.
2164 2545 2251 2619 de
2300 2541 2526 2617 Wasa
2575 2541 2835 2644 Eques.

1249 2658 1850 2736 WAHLBERG
1901 2661 2118 2759 (Petr.
2173 2660 2454 2763 Fred.),
2527 2659 2721 2736 Med.
2779 2675 2846 2736 et
2894 2659 3151 2734 Philos.
3242 2656 3542 2746 Doctor,
3613 2656 3789 2732 Hist.
3867 2656 4029 2732 Nat.
4083 2657 4449 2732 Professor

1446 2777 1891 2865 Holmiensis,
1939 2777 2118 2878 Reg.
2177 2779 2397 2854 Acad.
2452 2778 2802 2854 Scientiar.
2859 2777 3083 2853 Holm.
3138 2773 3591 2865 Secretarius,
3639 2775 3819 2877 Reg.
3861 2776 4031 2851 ord.
4088 2777 4173 2850 de
4235 2773 4446 2850 Stella

1448 2894 1678 2969 Polari
1726 2895 1984 2997 Eques.
2073 2914 2079 2920 ’

1252 3028 1886 3105 ARESCHOUG
1930 3030 2118 3129 (Joh.
2173 3032 2529 3134 Erhard.),
2581 3035 2844 3109 Oecon.
2900 3045 3109 3133 praet.
3161 3031 3543 3128 Adiunctus
3595 3029 4039 3130 Upsaliensis.

1252 3150 1911 3242 NORDSTROM
1980 3166 2888 3273 (Joh.Jac.),Ju1-.Utr.
2969 3182 3035 3242 et
3105 3166 3363 3240 Philos.
3433 3163 3731 3253 Doctor,
3782 3163 4181 3250 Professor,
4228 3163 4453 3301 Regni

1455 3283 1923 3475 &chivariuffi
1972 3283 2150 3386 Reg.
2209 3287 2380 3363 Ord.
2436 3290 2523 3364 de
2580 3289 2788 3364 Stella
2859 3287 3086 3361 Polari
3141 3313 3267 3359 nec
3319 3313 3449 3360 non
3505 3285 3589 3360 de
3643 3282 3721 3360 S.
3775 3282 4181 3358 Wladimiro
4234 3286 4295 3357 in
4327 3281 4452 3355 ·.Cl

1632 3400 1870 3501 Eques

1259 3521 1766 3623 GARLSON,
1817 3535 2059 3633 (Fred.
2113 3537 2392 3640 Ferd),
2441 3529 2697 3615 Histor.
2745 3539 3111 3616 Professor
3162 3536 3605 3638 Upsaliensis.

1260 3668 2107 3771 SVANBERG,(Lau1-.
2182 3672 2453 3775 Fred.),
2533 3675 2785 3750 Philos.
2837 3674 3141 3763 Doctor,
3195 3672 3498 3748 Chemiae
3574 3672 3935 3747 Professor
3996 3651 4457 3775 Upsaliensis,

1459 3790 1640 3889 Reg.
1698 3788 1870 3862 ord.
1926 3787 2012 3863 de
2069 3788 2274 3864 Stella
2323 3791 2548 3867 Polari
2595 3791 2856 3893 Eques.

1263 3924 1518 4001 HUSS
1570 3923 1964 4022 (Magnus),
2013 3920 2208 3999 Med.
2260 3924 2565 4016 Doctor,
2616 3926 2808 4003 Med.
2835 3927 3196 4003 Professor
3228 3924 3669 4013 Holmiensis,
3708 3926 3887 4028 Reg.
3925 3927 4094 4003 ord.
4132 3930 4217 4004 de
4249 3929 4452 4005 Stella

1463 4044 1687 4118 Polari
1724 4040 2278 4131 Commendator,
2326 4044 2499 4120 Ord.
2546 4043 2723 4145 Reg.
2784 4044 3011 4120 Caroli
3064 4043 3260 4119 XIII.
3315 4059 3383 4120 et
3431 4042 3832 4147 Danebrog.
3880 4044 4144 4146 Eques.

1264 4176 1497 4252 HILL
1553 4176 1739 4274 (Car.
1788 4174 1983 4276 Joh.)
2035 4174 2437 4255 Matheseos
2492 4182 2854 4256 Professor
2902 4178 3307 4255 Lundensis.

1266 4285 1837 4388 RNGSTROM
1887 4310 2130 4407 (Andr.
2191 4313 2423 4415 Joh.,)
2471 4315 2948 4390 Astronomiae
3002 4315 3426 4390 observator
3465 4310 3909 4413 Upsaliensis.

1266 4444 1918 4523 SUNDEWALL
1971 4445 2160 4542 (Car.
2205 4447 2400 4550 Joh.)
2453 4448 2684 4525 Musei
2737 4448 3094 4551 Zoologici
3144 4448 3552 4524 Holmiensis
3603 4447 4016 4540 Praefectus,
4065 4449 4246 4586 Reg.
4293 4452 4459 4530 Ord.

1468 4567 1552 4641 de
1612 4547 1815 4639 Stella
1867 4564 2089 4640 Polari
2140 4565 2400 4668 Eques.

1266 4700 1543 4776 KNOS
1591 4698 1836 4793 (Andr.
1891 4699 2077 4797 Er.‚)
2129 4700 2370 4776 Theol.
2423 4699 2728 4790 Doctor,
2760 4702 3033 4777 Primar.
3088 4701 3328 4776 Theol.
3383 4700 3745 4777 Professor
3797 4716 3864 4778 et
3903 4704 4466 4806 Archipraeposi·

1468 4832 1572 4892 tus
1622 4816 2074 4919 Upsaliensis,
2124 4817 2297 4918 Reg.
2357 4818 2530 4894 Ord.
2585 4822 2670 4896 de
2724 4820 2928 4896 Stella
2981 4820 3202 4895 Polari
3249 4818 3660 4894 Membrum.

1265 4951 2727 5052 BOTTIGER(Oar.Wi1h.),Litterar.
2811 4956 3196 5032 Recentior.
3275 4953 3635 5029 Professor
3701 4954 3785 5028 E.
3841 4955 3930 5031 Ο.
4017 4953 4468 5054 Upsaliensis,

1469 5071 1641 5170 Reg.
1701 5070 1872 5146 ord.
1931 5073 2016 5146 de
2081 5070 2286 5146 Stella
2339 5072 2563 5148 Polari
2615 5089 2682 5149 et
2734 5075 2819 5150 de
2872 5074 3269 5172 Danebrog.
3324 5070 3594 5172 Eques,
3638 5072 4052 5148 Academiae
4123 5072 4467 5218 Sveoanae

1469 5189 1992 5264 Octodeeimvir.

1267 5310 1810 5400 UPPSTROM
1859 5326 2175 5426 (Andr.,)
2227 5326 2472 5430 Lingu.
2561 5326 2769 5402 Goth.
2851 5327 3164 5413 Docens,
3233 5325 3523 5402 Scholae
3582 5315 3998 5401 Cathedralis
4048 5324 4468 5426 Upsaliensis

1465 5442 1869 5541 Adjunctus.
