4984 6517
1258 1420 1326 1493 2.

1267 2113 1335 2187 3.

1359 573 1532 663 118

1557 788 1948 890 specimina
1999 787 2080 861 iis
2133 812 2219 861 ex
2265 785 2455 861 India
2508 788 2740 863 orient.
2792 793 3008 889 magis
3059 793 3411 891 speciosa,
3462 803 3657 867 extus
3710 792 4162 892 pulcherrime
4214 808 4283 870 et
4332 796 4490 871 den-

1452 936 1529 984 se
1576 906 2039 982 canovelutina
2095 909 2400 1007 (semper
2453 933 2698 996 azona,
2747 919 2821 980 ut
2871 909 3201 1009 reliquae,
3254 933 3392 1008 quo
3439 922 3514 983 ut
3566 913 3761 986 etiam
3820 911 4033 986 forma
4093 913 4489 992 Pezizoidea

1456 1053 1693 1100 omnes
1744 1025 1830 1099 ab
1882 1022 2321 1098 Auriculariis
2375 1027 2596 1126 primo
2662 1029 2901 1102 obtutu
2967 1026 3339 1125 differunt);
3421 1027 3613 1104 disco
3693 1031 3920 1105 adulto
4000 1059 4131 1107 una
4208 1034 4495 1110 alterave

1454 1156 1644 1217 costa
1697 1144 1867 1218 elata
1918 1143 2202 1244 plicato,
2250 1145 2316 1215 in
2371 1146 2558 1217 sicco
2611 1145 2938 1245 spadiceo
3002 1148 3230 1247 nigro,
3280 1145 3664 1222 humectato
3720 1167 4232 1251 purpurasente.
4337 1151 4499 1229 Val-

1451 1260 1539 1336 de
1592 1263 1868 1363 elegans
1921 1261 2228 1363 species!

1454 1418 1550 1494 H.
1604 1443 1848 1496 melu
1896 1418 1941 1495 l.
1991 1444 2053 1493 c.
2109 1420 2393 1491 Peziza.
2499 1415 2796 1494 Swartz.

1554 1561 1638 1635 In
1684 1557 1922 1634 insula
1968 1555 2204 1634 Oahu.
2256 1558 2623 1633 Didriche.
2677 1588 2743 1633 n.
2795 1568 2890 1635 41.

1560 1705 1629 1781 E
1679 1707 1864 1806 larga
1944 1706 2383 1805 speciminum
2439 1707 2642 1805 copia
2716 1708 3002 1779 maxime
3081 1705 3457 1794 variabilis,
3507 1708 3705 1780 etiam
3756 1717 4088 1808 stipitata
4104 1712 4159 1795 !,
4209 1736 4248 1783 a
4299 1712 4511 1810 priori

1468 1838 1690 1899 tamen
1749 1827 2119 1925 conspicue
2168 1822 2432 1897 diversa
2497 1837 2565 1898 et
2616 1824 2701 1898 ab
2751 1823 2845 1897 Ε.
2904 1824 3085 1920 rufa
3135 1823 3525 1899 indumento
3577 1827 3868 1925 paginae
3920 1827 4163 1903 sterilis
4215 1829 4510 1903 velutino

1468 1971 1637 2018 cano
1695 1942 1887 2018 facile
1939 1954 2305 2043 separatur.

1466 2109 1562 2186 H.
1617 2129 1889 2186 muns
1944 2105 1990 2181 l.
2045 2107 2154 2182 αἶ’
2207 2107 2503 2181 Ετίἅία.
2553 2102 2850 2180 Leveill.
2905 2104 3101 2181 Ann.
3157 2104 3276 2181 Sc.
3329 2105 3486 2184 Nat.
3545 2111 3761 2185 1844.
3816 2137 3886 2214 p.
3950 2111 4116 2187 199.

1569 2252 1755 2327 Cum
1801 2247 2312 2351 praecedente.

1573 2393 2020 2469 characteres
2067 2391 2267 2489 hujus
2342 2388 2632 2488 speciei,
2716 2389 2954 2463 subtus
3012 2389 3389 2488 glabratae,
3459 2403 3526 2465 at
3576 2404 3876 2467 ceterum
3927 2420 4167 2494 parum
4217 2419 4257 2466 a
4307 2398 4520 2495 priori

1473 2513 1921 2614 cosmopolita
1975 2510 2282 2585 distincta
2300 2564 2322 2596 ,
2369 2509 2483 2581 vix
2532 2508 2830 2597 tenuior,
2874 2507 3032 2581 hinc
3076 2507 3460 2585 dubitamus
3511 2538 3593 2585 an
3648 2514 3935 2612 genuina
3990 2514 4075 2587 sit
4124 2510 4375 2613 planta.

2325 2695 2776 2771 TnmLLA.
2875 2691 3117 2794 Epicr.
3165 2720 3235 2797 p.
3293 2693 3463 2768 588.

1475 2860 1611 2935 Τ.Ξ’
1662 2875 2057 2935 asomum
2072 2912 2091 2942 ,
2143 2850 2484 2938 soliacea,
2534 2849 2895 2941 laciniata,
2946 2849 3554 2952 crispotortuosa,
3607 2875 3911 2955 rugosa,
3964 2848 4445 2927 rubro-flava.

1578 3005 1705 3082 Ad
1749 3011 2017 3079 terram
2070 2998 2146 3075 in
2197 2999 2505 3076 Guinea.
2557 3000 2736 3099 Afz.
2791 3010 2876 3074 ic.
2903 3000 2989 3098 f.
3034 3009 3141 3075 29.

1576 3147 1790 3223 Nullo
1843 3157 2200 3247 praesente
2253 3144 2624 3244 specimine
2676 3146 2960 3239 (tantum
3007 3142 3089 3214 ic.
3138 3151 3209 3215 et
3266 3137 3497 3213 sched.
3548 3136 3819 3237 Auct.),
3881 3149 3957 3211 ut
4006 3150 4321 3212 accurata
4371 3166 4531 3215 ana·

1476 3272 1603 3374 lysi
1652 3268 2127 3365 subjiceretur,
2186 3263 2381 3335 omisi
2437 3264 2504 3334 in
2552 3258 2820 3361 Epion,
2873 3257 3001 3334 sed
3047 3258 3278 3334 habitu
3328 3284 3614 3358 prorsus
3667 3283 3974 3358 congruo
4022 3284 4174 3332 cum
4226 3255 4319 3332 T.

1776 3381 1988 3456 Berk.
2039 3384 2277 3482 paucis
2326 3380 2571 3453 notavi.

1276 3545 1346 3619 2.
1479 3541 1566 3615 T.
1616 3556 2058 3615 sancomsss.
2159 3526 2400 3631 Epicr.
2456 3555 2526 3632 p.
2584 3528 2754 3603 589.

1577 3678 1644 3753 E
1704 3675 1987 3753 Mexico
2041 3674 2254 3748 forma
2304 3674 2615 3748 adultior
2664 3671 2945 3746 foliacea
3020 3669 3182 3769 (nec
3229 3668 3485 3743 clavata
3500 3670 3550 3767 Σ)
3600 3695 3731 3769 pro
3797 3670 3919 3744 Tr.
3950 3670 4280 3768 foliacea
4316 3671 4537 3779 ‘facile

1483 3797 1829 3876 sumenda.
1871 3843 1880 3852 ·
1942 3793 2246 3892 Corynes
2296 3790 2666 3865 differentia
2706 3790 2882 3863 nulla
2934 3800 3041 3863 est
3085 3789 3315 3884 (etiam
3381 3785 3484 3863 CI.
3522 3798 3966 3862 mesenterica
4014 3790 4223 3862 variat
4270 3789 4539 3863 clavata

1489 3931 1559 3994 et
1614 3917 1695 3989 T.
1727 3910 2114 4015 fimbriata
2164 3925 2269 3986 est
2319 3911 2763 4004 verticalis!);
2815 3907 2942 3983 sed
2964 3906 3425 4006 heterogenea
3453 3906 3539 3978 ad
3569 3904 3885 4008 Corynes
3935 3909 4271 3981 recentius
4310 3907 4537 3982 ducta.

1597 4075 1753 4153 obs.
1800 4084 1851 4149 Ι.
1958 4055 2261 4148 ῠτεῖεᾶἱί
2307 4076 2392 4147 ic.
2448 4099 2513 4145 n.
2562 4072 2664 4144 46
2714 4072 3335 4170 Dacrymyeetem,
3389 4068 3621 4142 colore
3668 4067 3944 4142 sordide
3972 4069 4268 4156 tubello,
4318 4075 4539 4145 omni-

1485 4224 1576 4272 no
1629 4195 1862 4282 refert,
1911 4207 1980 4267 at
2022 4192 2203 4266 nullo
2258 4201 2618 4291 praesente
2672 4191 3041 4290 specimine
3092 4215 3310 4288 genus
3354 4200 3542 4261 certo
3594 4213 3835 4261 eruere
3885 4213 4023 4261 non
4069 4187 4247 4261 licet.

1605 4348 1759 4426 Obs.
1805 4359 1872 4425 2.
1970 4347 2521 4427 NAEMATELIA
2596 4358 2932 4421 virescens
3013 4348 3224 4424 Cord.
3275 4351 3358 4423 ic.
3410 4345 3532 4420 III.
3594 4345 3635 4419 s.
3689 4346 3807 4419 90.
3883 4348 3949 4420 iu
4009 4343 4262 4422 Suecia
4339 4376 4539 4423 num-

1494 4498 1695 4572 quam
1742 4470 1912 4545 lecta
1964 4479 2071 4543 est
2128 4480 2198 4543 et
2239 4469 2440 4569 plane
2498 4467 2763 4543 diversa
2815 4494 2853 4540 a
2904 4469 3249 4567 Daerym.
3299 4477 3666 4540 virescente
3726 4468 3793 4540 in
3850 4468 4192 4542 asseribus
4245 4467 4543 4567 putridis

1499 4617 1653 4664 cum
1705 4590 1804 4663 D.
1858 4598 2108 4677 caesio,
2167 4590 2427 4666 stillato
2478 4599 2606 4662 etc.
2670 4589 2869 4659 mixta
2933 4586 3377 4690 ejusdemque
3432 4586 3867 4671 structurae!;
3945 4611 4223 4686 semper
4270 4587 4545 4686 absque

1501 4708 1744 4784 nucleo
1797 4704 2295 4782 Sclerotioideo
2348 4718 2419 4783 et
2467 4705 2782 4807 sporidiis
2830 4704 3169 4809 pedicello
3221 4704 3554 4803 contiguis
3605 4701 4089 4780 Naemateliae.
