<?xml version="1.0" encoding="UTF-8"?>
<!DOCTYPE html PUBLIC "-//W3C//DTD XHTML 1.0 Transitional//EN"
    "http://www.w3.org/TR/xhtml1/DTD/xhtml1-transitional.dtd">
<html xmlns="http://www.w3.org/1999/xhtml" xml:lang="en" lang="en">
 <head>
  <title>
</title>
<meta http-equiv="Content-Type" content="text/html;charset=utf-8" />
  <meta name='ocr-system' content='tesseract 3.04.00' />
  <meta name='ocr-capabilities' content='ocr_page ocr_carea ocr_par ocr_line ocrx_word'/>
</head>
<body>
  <div class='ocr_page' id='page_1' title='image "./novaactaregiaes00uppsgoog_0408.png"; bbox 0 0 4984 6517; ppageno 0'>
   <div class='ocr_carea' id='block_1_1' title="bbox 1339 579 1537 665">
    <p class='ocr_par' dir='ltr' id='par_1_1' title="bbox 1339 579 1537 665">
     <span class='ocr_line' id='line_1_1' title="bbox 1339 579 1537 665; baseline -0.005 -20"><span class='ocrx_word' id='word_1_1' title='bbox 1339 579 1537 665; x_wconf 68' lang='lat'>394,</span> 
     </span>
    </p>
   </div>
   <div class='ocr_carea' id='block_1_2' title="bbox 1227 781 4466 1605">
    <p class='ocr_par' dir='ltr' id='par_1_2' title="bbox 1227 781 4466 1605">
     <span class='ocr_line' id='line_1_2' title="bbox 1228 781 4456 891; baseline -0.004 -22"><span class='ocrx_word' id='word_1_2' title='bbox 1228 815 1490 869; x_wconf 84' lang='lat' dir='ltr'>munus</span> <span class='ocrx_word' id='word_1_3' title='bbox 1540 787 1978 891; x_wconf 81' lang='lat' dir='ltr'>philologiae</span> <span class='ocrx_word' id='word_1_4' title='bbox 2030 785 2328 861; x_wconf 82' lang='lat' dir='ltr'>multum</span> <span class='ocrx_word' id='word_1_5' title='bbox 2382 782 2605 860; x_wconf 87' lang='lat' dir='ltr'>babet</span> <span class='ocrx_word' id='word_1_6' title='bbox 2653 793 2727 861; x_wconf 91' lang='lat' dir='ltr'>et</span> <span class='ocrx_word' id='word_1_7' title='bbox 2775 781 3138 862; x_wconf 60' lang='lat' dir='ltr'>momenti*</span> <span class='ocrx_word' id='word_1_8' title='bbox 3175 790 3248 858; x_wconf 90' lang='lat' dir='ltr'>et</span> <span class='ocrx_word' id='word_1_9' title='bbox 3299 781 3823 886; x_wconf 67' lang='lat' dir='ltr'>delectamenti.</span> <span class='ocrx_word' id='word_1_10' title='bbox 3883 807 4146 884; x_wconf 91' lang='lat' dir='ltr'>eoque,</span> <span class='ocrx_word' id='word_1_11' title='bbox 4200 805 4456 856; x_wconf 87' lang='lat' dir='ltr'>recen-</span> 
     </span>
     <span class='ocr_line' id='line_1_3' title="bbox 1227 899 4453 1006; baseline -0.004 -19"><span class='ocrx_word' id='word_1_12' title='bbox 1227 912 1414 988; x_wconf 90' lang='lat' dir='ltr'>tiore</span> <span class='ocrx_word' id='word_1_13' title='bbox 1473 908 1791 984; x_wconf 79' lang='lat' dir='ltr'>maxime</span> <span class='ocrx_word' id='word_1_14' title='bbox 1840 915 2193 1006; x_wconf 82' lang='lat' dir='ltr'>tempore,</span> <span class='ocrx_word' id='word_1_15' title='bbox 2265 901 2517 1005; x_wconf 78' lang='lat' dir='ltr'>positis</span> <span class='ocrx_word' id='word_1_16' title='bbox 2563 899 2715 1002; x_wconf 82' lang='lat' dir='ltr'>jain</span> <span class='ocrx_word' id='word_1_17' title='bbox 2766 901 3049 1003; x_wconf 86' lang='lat' dir='ltr'>pridem</span> <span class='ocrx_word' id='word_1_18' title='bbox 3102 899 3314 976; x_wconf 80' lang='lat' dir='ltr'>initiis</span> <span class='ocrx_word' id='word_1_19' title='bbox 3385 899 3539 975; x_wconf 85' lang='lat' dir='ltr'>sulti</span> <span class='ocrx_word' id='word_1_20' title='bbox 3615 900 3912 1004; x_wconf 80' lang='lat' dir='ltr'>egregie</span> <span class='ocrx_word' id='word_1_21' title='bbox 3979 899 4202 975; x_wconf 85' lang='lat' dir='ltr'>suncti</span> <span class='ocrx_word' id='word_1_22' title='bbox 4270 907 4453 983; x_wconf 85' lang='lat' dir='ltr'>sunt.</span> 
     </span>
     <span class='ocr_line' id='line_1_4' title="bbox 1233 1018 4460 1132; baseline -0.005 -27"><span class='ocrx_word' id='word_1_23' title='bbox 1233 1027 1357 1132; x_wconf 88' lang='lat' dir='ltr'>qui</span> <span class='ocrx_word' id='word_1_24' title='bbox 1402 1027 1589 1103; x_wconf 84' lang='lat' dir='ltr'>hanc</span> <span class='ocrx_word' id='word_1_25' title='bbox 1638 1023 1781 1101; x_wconf 88' lang='lat' dir='ltr'>sibi</span> <span class='ocrx_word' id='word_1_26' title='bbox 1832 1033 2108 1125; x_wconf 89' lang='lat' dir='ltr'>partem</span> <span class='ocrx_word' id='word_1_27' title='bbox 2158 1020 2579 1122; x_wconf 76' lang='lat' dir='ltr'>disciplinae</span> <span class='ocrx_word' id='word_1_28' title='bbox 2629 1029 3109 1121; x_wconf 84' lang='lat' dir='ltr'>sumpserunt.</span> <span class='ocrx_word' id='word_1_29' title='bbox 3217 1022 3428 1112; x_wconf 84' lang='lat' dir='ltr'>Quae</span> <span class='ocrx_word' id='word_1_30' title='bbox 3488 1018 3785 1121; x_wconf 92' lang='lat' dir='ltr'>quidem</span> <span class='ocrx_word' id='word_1_31' title='bbox 3840 1044 4006 1120; x_wconf 85' lang='lat' dir='ltr'>pars</span> <span class='ocrx_word' id='word_1_32' title='bbox 4033 1042 4256 1121; x_wconf 89' lang='lat' dir='ltr'>quum</span> <span class='ocrx_word' id='word_1_33' title='bbox 4287 1041 4460 1116; x_wconf 85' lang='lat' dir='ltr'>pos-</span> 
     </span>
     <span class='ocr_line' id='line_1_5' title="bbox 1236 1135 4462 1249; baseline -0.004 -26"><span class='ocrx_word' id='word_1_34' title='bbox 1236 1148 1327 1224; x_wconf 80' lang='lat' dir='ltr'>sit</span> <span class='ocrx_word' id='word_1_35' title='bbox 1374 1145 1695 1249; x_wconf 74' lang='lat' dir='ltr'>quodam</span> <span class='ocrx_word' id='word_1_36' title='bbox 1730 1141 1971 1217; x_wconf 79' lang='lat' dir='ltr'>modo</span> <span class='ocrx_word' id='word_1_37' title='bbox 2015 1166 2057 1216; x_wconf 90' lang='lat' dir='ltr'>a</span> <span class='ocrx_word' id='word_1_38' title='bbox 2109 1140 2368 1216; x_wconf 83' lang='lat' dir='ltr'>ceteris</span> <span class='ocrx_word' id='word_1_39' title='bbox 2421 1139 2738 1241; x_wconf 85' lang='lat' dir='ltr'>disjungi</span> <span class='ocrx_word' id='word_1_40' title='bbox 2790 1150 2862 1214; x_wconf 86' lang='lat' dir='ltr'>et</span> <span class='ocrx_word' id='word_1_41' title='bbox 2918 1137 3301 1239; x_wconf 86' lang='lat' dir='ltr'>separatim</span> <span class='ocrx_word' id='word_1_42' title='bbox 3355 1136 3658 1224; x_wconf 86' lang='lat' dir='ltr'>tractari,</span> <span class='ocrx_word' id='word_1_43' title='bbox 3725 1149 3964 1212; x_wconf 89' lang='lat' dir='ltr'>tamen</span> <span class='ocrx_word' id='word_1_44' title='bbox 4017 1135 4462 1236; x_wconf 81' lang='lat' dir='ltr'>Lexicogra-</span> 
     </span>
     <span class='ocr_line' id='line_1_6' title="bbox 1238 1254 4466 1368; baseline -0.005 -27"><span class='ocrx_word' id='word_1_45' title='bbox 1238 1264 1550 1368; x_wconf 87' lang='lat' dir='ltr'>phorum</span> <span class='ocrx_word' id='word_1_46' title='bbox 1599 1260 1883 1337; x_wconf 83' lang='lat' dir='ltr'>muneri</span> <span class='ocrx_word' id='word_1_47' title='bbox 1932 1258 2201 1334; x_wconf 89' lang='lat' dir='ltr'>rectius</span> <span class='ocrx_word' id='word_1_48' title='bbox 2252 1255 2730 1359; x_wconf 82' lang='lat' dir='ltr'>subjungitur,</span> <span class='ocrx_word' id='word_1_49' title='bbox 2785 1255 2903 1333; x_wconf 92' lang='lat' dir='ltr'>cui</span> <span class='ocrx_word' id='word_1_50' title='bbox 2958 1256 3327 1331; x_wconf 87' lang='lat' dir='ltr'>materiam</span> <span class='ocrx_word' id='word_1_51' title='bbox 3377 1254 3847 1358; x_wconf 83' lang='lat' dir='ltr'>suggerendo</span> <span class='ocrx_word' id='word_1_52' title='bbox 3893 1255 4081 1330; x_wconf 89' lang='lat' dir='ltr'>viam</span> <span class='ocrx_word' id='word_1_53' title='bbox 4131 1276 4466 1354; x_wconf 88' lang='lat' dir='ltr'>praemu-</span> 
     </span>
     <span class='ocr_line' id='line_1_7' title="bbox 1240 1371 4462 1480; baseline -0.005 -21"><span class='ocrx_word' id='word_1_54' title='bbox 1240 1383 1371 1468; x_wconf 89' lang='lat' dir='ltr'>nit;</span> <span class='ocrx_word' id='word_1_55' title='bbox 1426 1406 1567 1457; x_wconf 87' lang='lat' dir='ltr'>nec</span> <span class='ocrx_word' id='word_1_56' title='bbox 1611 1404 1791 1456; x_wconf 92' lang='lat' dir='ltr'>vero</span> <span class='ocrx_word' id='word_1_57' title='bbox 1853 1377 2239 1480; x_wconf 89' lang='lat' dir='ltr'>quicquam</span> <span class='ocrx_word' id='word_1_58' title='bbox 2292 1374 2614 1451; x_wconf 84' lang='lat' dir='ltr'>effl&#39;ciunt</span> <span class='ocrx_word' id='word_1_59' title='bbox 2690 1373 2805 1462; x_wconf 91' lang='lat' dir='ltr'>illi,</span> <span class='ocrx_word' id='word_1_60' title='bbox 2861 1374 2988 1477; x_wconf 88' lang='lat' dir='ltr'>qui</span> <span class='ocrx_word' id='word_1_61' title='bbox 3036 1373 3520 1476; x_wconf 88' lang='lat' dir='ltr'>Synonymici</span> <span class='ocrx_word' id='word_1_62' title='bbox 3581 1381 3951 1462; x_wconf 89' lang='lat' dir='ltr'>vocantur,</span> <span class='ocrx_word' id='word_1_63' title='bbox 4033 1371 4234 1475; x_wconf 90' lang='lat' dir='ltr'>quod</span> <span class='ocrx_word' id='word_1_64' title='bbox 4311 1395 4462 1445; x_wconf 91' lang='lat' dir='ltr'>non</span> 
     </span>
     <span class='ocr_line' id='line_1_8' title="bbox 1242 1489 4466 1605; baseline -0.005 -24"><span class='ocrx_word' id='word_1_65' title='bbox 1242 1510 1617 1605; x_wconf 80' lang='lat' dir='ltr'>postremo</span> <span class='ocrx_word' id='word_1_66' title='bbox 1664 1498 1740 1573; x_wconf 92' lang='lat' dir='ltr'>in</span> <span class='ocrx_word' id='word_1_67' title='bbox 1793 1496 2141 1573; x_wconf 86' lang='lat' dir='ltr'>ditionem</span> <span class='ocrx_word' id='word_1_68' title='bbox 2202 1492 2410 1572; x_wconf 89' lang='lat' dir='ltr'>cadat</span> <span class='ocrx_word' id='word_1_69' title='bbox 2467 1492 2755 1569; x_wconf 86' lang='lat' dir='ltr'>illorum</span> <span class='ocrx_word' id='word_1_70' title='bbox 2824 1517 3234 1595; x_wconf 90' lang='lat' dir='ltr'>eorumque</span> <span class='ocrx_word' id='word_1_71' title='bbox 3284 1491 3567 1567; x_wconf 87' lang='lat' dir='ltr'>muneri</span> <span class='ocrx_word' id='word_1_72' title='bbox 3622 1492 3794 1567; x_wconf 89' lang='lat' dir='ltr'>olim</span> <span class='ocrx_word' id='word_1_73' title='bbox 3847 1490 4302 1592; x_wconf 81' lang='lat' dir='ltr'>profuturum</span> <span class='ocrx_word' id='word_1_74' title='bbox 4355 1489 4466 1565; x_wconf 87' lang='lat' dir='ltr'>sit.</span> 
     </span>
    </p>
   </div>
   <div class='ocr_carea' id='block_1_3' title="bbox 1555 1660 4472 1770">
    <p class='ocr_par' dir='ltr' id='par_1_3' title="bbox 1555 1660 4472 1770">
     <span class='ocr_line' id='line_1_9' title="bbox 1555 1660 4472 1770; baseline -0.003 -27"><span class='ocrx_word' id='word_1_75' title='bbox 1555 1667 1815 1770; x_wconf 90' lang='lat' dir='ltr'>Neque</span> <span class='ocrx_word' id='word_1_76' title='bbox 1863 1664 2010 1742; x_wconf 89' lang='lat' dir='ltr'>hoc</span> <span class='ocrx_word' id='word_1_77' title='bbox 2058 1664 2228 1741; x_wconf 93' lang='lat' dir='ltr'>loco</span> <span class='ocrx_word' id='word_1_78' title='bbox 2256 1664 2769 1766; x_wconf 87' lang='lat' dir='ltr'>praetereundi</span> <span class='ocrx_word' id='word_1_79' title='bbox 2810 1674 2976 1741; x_wconf 90' lang='lat' dir='ltr'>sunt</span> <span class='ocrx_word' id='word_1_80' title='bbox 3026 1665 3093 1753; x_wconf 87' lang='lat' dir='ltr'>ii,</span> <span class='ocrx_word' id='word_1_81' title='bbox 3149 1664 3272 1767; x_wconf 93' lang='lat' dir='ltr'>qui</span> <span class='ocrx_word' id='word_1_82' title='bbox 3320 1663 3791 1740; x_wconf 85' lang='lat' dir='ltr'>Antibarbari</span> <span class='ocrx_word' id='word_1_83' title='bbox 3842 1671 4211 1739; x_wconf 83' lang='lat' dir='ltr'>vocantur.</span> <span class='ocrx_word' id='word_1_84' title='bbox 4311 1660 4472 1735; x_wconf 87' lang='lat' dir='ltr'>Ho-</span> 
     </span>
    </p>
   </div>
   <div class='ocr_carea' id='block_1_4' title="bbox 1250 1778 4472 2003">
    <p class='ocr_par' dir='ltr' id='par_1_4' title="bbox 1250 1778 4472 2003">
     <span class='ocr_line' id='line_1_10' title="bbox 1250 1778 4470 1891; baseline -0.004 -24"><span class='ocrx_word' id='word_1_85' title='bbox 1250 1814 1412 1868; x_wconf 90' lang='lat' dir='ltr'>rum</span> <span class='ocrx_word' id='word_1_86' title='bbox 1466 1786 1760 1891; x_wconf 90' lang='lat' dir='ltr'>quidem</span> <span class='ocrx_word' id='word_1_87' title='bbox 1807 1811 1957 1861; x_wconf 91' lang='lat' dir='ltr'>non</span> <span class='ocrx_word' id='word_1_88' title='bbox 2025 1809 2190 1859; x_wconf 87' lang='lat' dir='ltr'>esse</span> <span class='ocrx_word' id='word_1_89' title='bbox 2240 1780 2614 1885; x_wconf 90' lang='lat' dir='ltr'>proprium</span> <span class='ocrx_word' id='word_1_90' title='bbox 2668 1808 2754 1858; x_wconf 91' lang='lat' dir='ltr'>ac</span> <span class='ocrx_word' id='word_1_91' title='bbox 2806 1809 3018 1860; x_wconf 90' lang='lat' dir='ltr'>suum</span> <span class='ocrx_word' id='word_1_92' title='bbox 3071 1782 3431 1886; x_wconf 82' lang='lat' dir='ltr'>quendam</span> <span class='ocrx_word' id='word_1_93' title='bbox 3478 1782 3665 1858; x_wconf 87' lang='lat' dir='ltr'>iuter</span> <span class='ocrx_word' id='word_1_94' title='bbox 3699 1780 4110 1886; x_wconf 87' lang='lat' dir='ltr'>philologos</span> <span class='ocrx_word' id='word_1_95' title='bbox 4139 1778 4470 1855; x_wconf 87' lang='lat' dir='ltr'>ordinem</span> 
     </span>
     <span class='ocr_line' id='line_1_11' title="bbox 1253 1897 4472 2003; baseline -0.005 -17"><span class='ocrx_word' id='word_1_96' title='bbox 1253 1912 1593 1987; x_wconf 85' lang='lat' dir='ltr'>locumve</span> <span class='ocrx_word' id='word_1_97' title='bbox 1646 1929 1784 1979; x_wconf 89' lang='lat' dir='ltr'>nec</span> <span class='ocrx_word' id='word_1_98' title='bbox 1837 1929 1969 1978; x_wconf 91' lang='lat' dir='ltr'>eos</span> <span class='ocrx_word' id='word_1_99' title='bbox 2030 1900 2328 1988; x_wconf 88' lang='lat' dir='ltr'>direct0,</span> <span class='ocrx_word' id='word_1_100' title='bbox 2403 1908 2479 1975; x_wconf 90' lang='grc' dir='ltr'>ιιι</span> <span class='ocrx_word' id='word_1_101' title='bbox 2528 1900 2625 1975; x_wconf 90' lang='lat' dir='ltr'>ita</span> <span class='ocrx_word' id='word_1_102' title='bbox 2679 1901 2933 1990; x_wconf 89' lang='lat' dir='ltr'>dicam,</span> <span class='ocrx_word' id='word_1_103' title='bbox 3009 1901 3458 2003; x_wconf 90' lang='lat' dir='ltr'>antiquarum</span> <span class='ocrx_word' id='word_1_104' title='bbox 3532 1901 3925 1977; x_wconf 89' lang='lat' dir='ltr'>litterarum</span> <span class='ocrx_word' id='word_1_105' title='bbox 3999 1897 4253 1976; x_wconf 90' lang='lat' dir='ltr'>studiis</span> <span class='ocrx_word' id='word_1_106' title='bbox 4301 1922 4472 1998; x_wconf 85' lang='lat' dir='ltr'>pro-</span> 
     </span>
    </p>
   </div>
   <div class='ocr_carea' id='block_1_5' title="bbox 1255 2018 4488 3314">
    <p class='ocr_par' dir='ltr' id='par_1_5' title="bbox 1255 2018 4486 3314">
     <span class='ocr_line' id='line_1_12' title="bbox 1255 2018 4476 2121; baseline -0.005 -17"><span class='ocrx_word' id='word_1_107' title='bbox 1255 2029 1491 2114; x_wconf 83' lang='lat' dir='ltr'>desse,</span> <span class='ocrx_word' id='word_1_108' title='bbox 1544 2021 1999 2099; x_wconf 88' lang='lat' dir='ltr'>manifestum</span> <span class='ocrx_word' id='word_1_109' title='bbox 2048 2028 2187 2095; x_wconf 90' lang='lat' dir='ltr'>est:</span> <span class='ocrx_word' id='word_1_110' title='bbox 2262 2044 2427 2094; x_wconf 90' lang='lat' dir='ltr'>nam</span> <span class='ocrx_word' id='word_1_111' title='bbox 2506 2018 2708 2120; x_wconf 93' lang='lat' dir='ltr'>quod</span> <span class='ocrx_word' id='word_1_112' title='bbox 2784 2020 2856 2096; x_wconf 92' lang='lat' dir='ltr'>in</span> <span class='ocrx_word' id='word_1_113' title='bbox 2928 2020 3451 2121; x_wconf 84' lang='lat' dir='ltr'>Synonymicis</span> <span class='ocrx_word' id='word_1_114' title='bbox 3502 2029 3718 2107; x_wconf 88' lang='lat' dir='ltr'>recte,</span> <span class='ocrx_word' id='word_1_115' title='bbox 3775 2031 3850 2095; x_wconf 86' lang='lat' dir='ltr'>ut</span> <span class='ocrx_word' id='word_1_116' title='bbox 3904 2018 4184 2120; x_wconf 84' lang='lat' dir='ltr'>opinor,</span> <span class='ocrx_word' id='word_1_117' title='bbox 4242 2039 4476 2115; x_wconf 85' lang='lat' dir='ltr'>nuper</span> 
     </span>
     <span class='ocr_line' id='line_1_13' title="bbox 1258 2125 4474 2240; baseline -0.005 -17"><span class='ocrx_word' id='word_1_118' title='bbox 1258 2125 1619 2231; x_wconf 82' lang='lat' dir='ltr'>contendi,</span> <span class='ocrx_word' id='word_1_119' title='bbox 1698 2139 1895 2214; x_wconf 92' lang='lat' dir='ltr'>idem</span> <span class='ocrx_word' id='word_1_120' title='bbox 1972 2138 2045 2213; x_wconf 94' lang='lat' dir='ltr'>in</span> <span class='ocrx_word' id='word_1_121' title='bbox 2120 2135 2256 2213; x_wconf 90' lang='lat' dir='ltr'>hos</span> <span class='ocrx_word' id='word_1_122' title='bbox 2305 2135 2676 2212; x_wconf 84' lang='lat' dir='ltr'>transferri</span> <span class='ocrx_word' id='word_1_123' title='bbox 2747 2147 2999 2238; x_wconf 85' lang='lat' dir='ltr'>potest,</span> <span class='ocrx_word' id='word_1_124' title='bbox 3056 2138 3408 2240; x_wconf 91' lang='lat' dir='ltr'>quidquid</span> <span class='ocrx_word' id='word_1_125' title='bbox 3481 2137 3874 2239; x_wconf 84' lang='lat' dir='ltr'>perficiant,</span> <span class='ocrx_word' id='word_1_126' title='bbox 3924 2135 4002 2211; x_wconf 93' lang='lat' dir='ltr'>id</span> <span class='ocrx_word' id='word_1_127' title='bbox 4055 2131 4474 2235; x_wconf 85' lang='lat' dir='ltr'>hujusmodi</span> 
     </span>
     <span class='ocr_line' id='line_1_14' title="bbox 1260 2255 4474 2365; baseline -0.006 -22"><span class='ocrx_word' id='word_1_128' title='bbox 1260 2289 1447 2352; x_wconf 85' lang='lat' dir='ltr'>esse,</span> <span class='ocrx_word' id='word_1_129' title='bbox 1498 2286 1645 2365; x_wconf 91' lang='lat' dir='ltr'>quo</span> <span class='ocrx_word' id='word_1_130' title='bbox 1695 2257 2009 2332; x_wconf 87' lang='lat' dir='ltr'>maxime</span> <span class='ocrx_word' id='word_1_131' title='bbox 2036 2255 2420 2354; x_wconf 89' lang='lat' dir='ltr'>adjuvetur</span> <span class='ocrx_word' id='word_1_132' title='bbox 2467 2279 2693 2354; x_wconf 89' lang='lat' dir='ltr'>opera</span> <span class='ocrx_word' id='word_1_133' title='bbox 2739 2255 3487 2359; x_wconf 84' lang='lat' dir='ltr'>Lexicographorum.</span> <span class='ocrx_word' id='word_1_134' title='bbox 3591 2256 3878 2332; x_wconf 89' lang='lat' dir='ltr'>Horum</span> <span class='ocrx_word' id='word_1_135' title='bbox 3931 2255 4125 2330; x_wconf 88' lang='lat' dir='ltr'>enim</span> <span class='ocrx_word' id='word_1_136' title='bbox 4170 2263 4281 2329; x_wconf 87' lang='lat' dir='ltr'>est</span> <span class='ocrx_word' id='word_1_137' title='bbox 4324 2277 4474 2327; x_wconf 90' lang='lat' dir='ltr'>non</span> 
     </span>
     <span class='ocr_line' id='line_1_15' title="bbox 1258 2370 4474 2507; baseline -0.006 -46"><span class='ocrx_word' id='word_1_138' title='bbox 1258 2383 1498 2461; x_wconf 86' lang='lat' dir='ltr'>solum</span> <span class='ocrx_word' id='word_1_139' title='bbox 1554 2375 1838 2479; x_wconf 83' lang='lat' dir='ltr'>singula</span> <span class='ocrx_word' id='word_1_140' title='bbox 1888 2373 2231 2507; x_wconf 85' lang='lat' dir='ltr'>colligere</span> <span class='ocrx_word' id='word_1_141' title='bbox 2282 2370 2640 2448; x_wconf 89' lang='lat' dir='ltr'>vocabula</span> <span class='ocrx_word' id='word_1_142' title='bbox 2691 2398 2926 2476; x_wconf 91' lang='lat' dir='ltr'>eaque</span> <span class='ocrx_word' id='word_1_143' title='bbox 2977 2373 3446 2476; x_wconf 88' lang='lat' dir='ltr'>interpretari,</span> <span class='ocrx_word' id='word_1_144' title='bbox 3500 2374 3634 2450; x_wconf 89' lang='lat' dir='ltr'>sed</span> <span class='ocrx_word' id='word_1_145' title='bbox 3686 2374 3901 2466; x_wconf 85' lang='lat' dir='ltr'>etiam</span> <span class='ocrx_word' id='word_1_146' title='bbox 3948 2373 4340 2475; x_wconf 85' lang='lat' dir='ltr'>exquirere</span> <span class='ocrx_word' id='word_1_147' title='bbox 4387 2395 4474 2444; x_wconf 89' lang='lat' dir='ltr'>ac</span> 
     </span>
     <span class='ocr_line' id='line_1_16' title="bbox 1264 2489 4476 2596; baseline -0.004 -19"><span class='ocrx_word' id='word_1_148' title='bbox 1264 2503 1785 2594; x_wconf 60' lang='lat' dir='ltr'>demonstrare,</span> <span class='ocrx_word' id='word_1_149' title='bbox 1838 2492 2013 2595; x_wconf 89' lang='lat' dir='ltr'>quid</span> <span class='ocrx_word' id='word_1_150' title='bbox 2060 2491 2135 2565; x_wconf 92' lang='lat' dir='ltr'>in</span> <span class='ocrx_word' id='word_1_151' title='bbox 2188 2514 2477 2592; x_wconf 89' lang='lat' dir='ltr'>quaque</span> <span class='ocrx_word' id='word_1_152' title='bbox 2528 2515 2610 2564; x_wconf 89' lang='lat' dir='ltr'>re</span> <span class='ocrx_word' id='word_1_153' title='bbox 2660 2489 2847 2567; x_wconf 84' lang='lat' dir='ltr'>inter</span> <span class='ocrx_word' id='word_1_154' title='bbox 2904 2493 3222 2596; x_wconf 85' lang='lat' dir='ltr'>singulas</span> <span class='ocrx_word' id='word_1_155' title='bbox 3274 2493 3563 2596; x_wconf 92' lang='lat' dir='ltr'>linguae</span> <span class='ocrx_word' id='word_1_156' title='bbox 3614 2490 4152 2594; x_wconf 89' lang='lat' dir='ltr'>litterarumque</span> <span class='ocrx_word' id='word_1_157' title='bbox 4204 2497 4476 2564; x_wconf 85' lang='lat' dir='ltr'>aetates</span> 
     </span>
     <span class='ocr_line' id='line_1_17' title="bbox 1265 2595 4476 2748; baseline -0.005 -51"><span class='ocrx_word' id='word_1_158' title='bbox 1265 2620 1573 2712; x_wconf 85' lang='lat' dir='ltr'>differat·</span> <span class='ocrx_word' id='word_1_159' title='bbox 1604 2623 1679 2690; x_wconf 86' lang='lat' dir='ltr'>et</span> <span class='ocrx_word' id='word_1_160' title='bbox 1725 2637 1912 2748; x_wconf 81' lang='lat' dir='ltr'>quae</span> <span class='ocrx_word' id='word_1_161' title='bbox 1965 2608 2180 2685; x_wconf 86' lang='lat' dir='ltr'>fuerit</span> <span class='ocrx_word' id='word_1_162' title='bbox 2235 2607 2686 2709; x_wconf 85' lang='lat' dir='ltr'>temporibus</span> <span class='ocrx_word' id='word_1_163' title='bbox 2752 2610 2906 2686; x_wconf 91' lang='lat' dir='ltr'>aliis</span> <span class='ocrx_word' id='word_1_164' title='bbox 2969 2611 3106 2687; x_wconf 91' lang='lat' dir='ltr'>alia</span> <span class='ocrx_word' id='word_1_165' title='bbox 3178 2610 3538 2688; x_wconf 77' lang='lat' dir='ltr'>sermonis</span> <span class='ocrx_word' id='word_1_166' title='bbox 3588 2595 3820 2712; x_wconf 86' lang='lat' dir='ltr'>ipsius</span> <span class='ocrx_word' id='word_1_167' title='bbox 3861 2609 4097 2685; x_wconf 85' lang='lat' dir='ltr'>forma</span> <span class='ocrx_word' id='word_1_168' title='bbox 4146 2619 4220 2684; x_wconf 89' lang='lat' dir='ltr'>et</span> <span class='ocrx_word' id='word_1_169' title='bbox 4270 2607 4476 2710; x_wconf 87' lang='lat' dir='ltr'>quasi</span> 
     </span>
     <span class='ocr_line' id='line_1_18' title="bbox 1265 2725 4484 2833; baseline -0.005 -19"><span class='ocrx_word' id='word_1_170' title='bbox 1265 2739 1507 2814; x_wconf 78' lang='lat' dir='ltr'>facies.</span> <span class='ocrx_word' id='word_1_171' title='bbox 1612 2733 1707 2807; x_wconf 85' lang='lat' dir='ltr'>Et</span> <span class='ocrx_word' id='word_1_172' title='bbox 1753 2731 1826 2806; x_wconf 92' lang='lat' dir='ltr'>in</span> <span class='ocrx_word' id='word_1_173' title='bbox 1879 2727 2023 2804; x_wconf 93' lang='lat' dir='ltr'>hoc</span> <span class='ocrx_word' id='word_1_174' title='bbox 2074 2725 2368 2829; x_wconf 90' lang='lat' dir='ltr'>quidem</span> <span class='ocrx_word' id='word_1_175' title='bbox 2418 2750 2694 2828; x_wconf 80' lang='lat' dir='ltr'>genere</span> <span class='ocrx_word' id='word_1_176' title='bbox 2756 2730 2975 2806; x_wconf 83' lang='lat' dir='ltr'>multa</span> <span class='ocrx_word' id='word_1_177' title='bbox 3023 2739 3272 2820; x_wconf 82' lang='lat' dir='ltr'>sunt,-</span> <span class='ocrx_word' id='word_1_178' title='bbox 3255 2755 3471 2833; x_wconf 84' lang='lat' dir='ltr'>-quae</span> <span class='ocrx_word' id='word_1_179' title='bbox 3525 2728 3989 2806; x_wconf 88' lang='lat' dir='ltr'>Antibarbari</span> <span class='ocrx_word' id='word_1_180' title='bbox 4034 2729 4121 2803; x_wconf 83' lang='lat' dir='ltr'>iis</span> <span class='ocrx_word' id='word_1_181' title='bbox 4174 2725 4484 2800; x_wconf 84' lang='lat' dir='ltr'>offerant</span> 
     </span>
     <span class='ocr_line' id='line_1_19' title="bbox 1269 2846 4483 2957; baseline -0.005 -26"><span class='ocrx_word' id='word_1_182' title='bbox 1269 2883 1356 2934; x_wconf 86' lang='lat' dir='ltr'>ac</span> <span class='ocrx_word' id='word_1_183' title='bbox 1406 2851 1793 2957; x_wconf 83' lang='lat' dir='ltr'>porrigant.</span> <span class='ocrx_word' id='word_1_184' title='bbox 1903 2846 2053 2921; x_wconf 90' lang='lat' dir='ltr'>Sed</span> <span class='ocrx_word' id='word_1_185' title='bbox 2110 2856 2349 2921; x_wconf 88' lang='lat' dir='ltr'>tamen</span> <span class='ocrx_word' id='word_1_186' title='bbox 2413 2870 2584 2945; x_wconf 88' lang='lat' dir='ltr'>pars</span> <span class='ocrx_word' id='word_1_187' title='bbox 2646 2855 2772 2922; x_wconf 84' lang='lat' dir='ltr'>est·</span> <span class='ocrx_word' id='word_1_188' title='bbox 2820 2848 3056 2951; x_wconf 89' lang='lat' dir='ltr'>aliqua</span> <span class='ocrx_word' id='word_1_189' title='bbox 3104 2875 3383 2937; x_wconf 88' lang='lat' dir='ltr'>eorum,</span> <span class='ocrx_word' id='word_1_190' title='bbox 3459 2849 3530 2924; x_wconf 91' lang='lat' dir='ltr'>in</span> <span class='ocrx_word' id='word_1_191' title='bbox 3598 2848 3861 2950; x_wconf 74' lang='lat' dir='ltr'>quibus</span> <span class='ocrx_word' id='word_1_192' title='bbox 3923 2848 4022 2924; x_wconf 90' lang='lat' dir='ltr'>illi</span> <span class='ocrx_word' id='word_1_193' title='bbox 4083 2852 4483 2929; x_wconf 88' lang='lat' dir='ltr'>versantur,</span> 
     </span>
     <span class='ocr_line' id='line_1_20' title="bbox 1268 2959 4485 3077; baseline -0.005 -25"><span class='ocrx_word' id='word_1_194' title='bbox 1268 2978 1431 3077; x_wconf 88' lang='lat' dir='ltr'>ipso</span> <span class='ocrx_word' id='word_1_195' title='bbox 1479 2970 1795 3048; x_wconf 87' lang='lat' dir='ltr'>instituto</span> <span class='ocrx_word' id='word_1_196' title='bbox 1847 2987 2389 3065; x_wconf 87' lang='lat' dir='ltr'>supervacanea</span> <span class='ocrx_word' id='word_1_197' title='bbox 2439 2965 2798 3065; x_wconf 88' lang='lat' dir='ltr'>quaedam</span> <span class='ocrx_word' id='word_1_198' title='bbox 2845 2976 2918 3042; x_wconf 89' lang='lat' dir='ltr'>et</span> <span class='ocrx_word' id='word_1_199' title='bbox 2966 2966 3226 3042; x_wconf 85' lang='lat' dir='ltr'>nullius</span> <span class='ocrx_word' id='word_1_200' title='bbox 3255 2966 3408 3043; x_wconf 81' lang='lat' dir='ltr'>fere</span> <span class='ocrx_word' id='word_1_201' title='bbox 3444 2959 3847 3050; x_wconf 78' lang='lat' dir='ltr'>co‘mmodi:</span> <span class='ocrx_word' id='word_1_202' title='bbox 3901 2963 4485 3068; x_wconf 83' lang='lat' dir='ltr'>segregationem</span> 
     </span>
     <span class='ocr_line' id='line_1_21' title="bbox 1275 3079 4488 3189; baseline -0.005 -20"><span class='ocrx_word' id='word_1_203' title='bbox 1275 3094 1442 3168; x_wconf 90' lang='lat' dir='ltr'>dico</span> <span class='ocrx_word' id='word_1_204' title='bbox 1518 3084 2172 3189; x_wconf 61' lang='lat' dir='ltr'>expubionemque</span> <span class='ocrx_word' id='word_1_205' title='bbox 2250 3106 2509 3156; x_wconf 90' lang='lat' dir='ltr'>eorum</span> <span class='ocrx_word' id='word_1_206' title='bbox 2586 3082 2704 3158; x_wconf 93' lang='lat' dir='ltr'>vel</span> <span class='ocrx_word' id='word_1_207' title='bbox 2764 3084 3291 3160; x_wconf 85' lang='lat' dir='ltr'>vocabulorum</span> <span class='ocrx_word' id='word_1_208' title='bbox 3366 3083 3484 3161; x_wconf 91' lang='lat' dir='ltr'>vel</span> <span class='ocrx_word' id='word_1_209' title='bbox 3559 3084 4032 3160; x_wconf 85' lang='lat' dir='ltr'>formularum</span> <span class='ocrx_word' id='word_1_210' title='bbox 4102 3079 4488 3183; x_wconf 91' lang='lat' dir='ltr'>loquendi,</span> 
     </span>
     <span class='ocr_line' id='line_1_22' title="bbox 1277 3198 4486 3314; baseline -0.005 -26"><span class='ocrx_word' id='word_1_211' title='bbox 1277 3235 1485 3314; x_wconf 91' lang='lat' dir='ltr'>quae,</span> <span class='ocrx_word' id='word_1_212' title='bbox 1538 3214 1790 3282; x_wconf 90' lang='lat' dir='ltr'>contra</span> <span class='ocrx_word' id='word_1_213' title='bbox 1838 3200 2205 3278; x_wconf 85' lang='lat' dir='ltr'>sermonis</span> <span class='ocrx_word' id='word_1_214' title='bbox 2260 3198 2494 3276; x_wconf 87' lang='lat' dir='ltr'>Latini</span> <span class='ocrx_word' id='word_1_215' title='bbox 2545 3226 2755 3276; x_wconf 86' lang='lat' dir='ltr'>usum</span> <span class='ocrx_word' id='word_1_216' title='bbox 2806 3228 2893 3278; x_wconf 90' lang='lat' dir='ltr'>ac</span> <span class='ocrx_word' id='word_1_217' title='bbox 2942 3202 3562 3292; x_wconf 86' lang='lat' dir='ltr'>consuetudinem,</span> <span class='ocrx_word' id='word_1_218' title='bbox 3641 3203 3714 3278; x_wconf 90' lang='lat' dir='ltr'>in</span> <span class='ocrx_word' id='word_1_219' title='bbox 3765 3202 3993 3279; x_wconf 87' lang='lat' dir='ltr'>libros</span> <span class='ocrx_word' id='word_1_220' title='bbox 4045 3199 4486 3302; x_wconf 88' lang='lat' dir='ltr'>optimorum</span> 
     </span>
    </p>
   </div>
   <div class='ocr_carea' id='block_1_6' title="bbox 1277 3317 4528 5436">
    <p class='ocr_par' dir='ltr' id='par_1_6' title="bbox 1277 3317 4528 5436">
     <span class='ocr_line' id='line_1_23' title="bbox 1279 3317 4490 3424; baseline -0.004 -19"><span class='ocrx_word' id='word_1_221' title='bbox 1279 3329 1493 3405; x_wconf 90' lang='lat' dir='ltr'>etiam</span> <span class='ocrx_word' id='word_1_222' title='bbox 1552 3322 1985 3423; x_wconf 89' lang='lat' dir='ltr'>scriptorum</span> <span class='ocrx_word' id='word_1_223' title='bbox 2065 3318 2490 3394; x_wconf 89' lang='lat' dir='ltr'>recentioris</span> <span class='ocrx_word' id='word_1_224' title='bbox 2558 3319 2807 3395; x_wconf 89' lang='lat' dir='ltr'>aetatis</span> <span class='ocrx_word' id='word_1_225' title='bbox 2875 3320 3323 3422; x_wconf 90' lang='lat' dir='ltr'>irrepserint.</span> <span class='ocrx_word' id='word_1_226' title='bbox 3403 3321 3525 3424; x_wconf 91' lang='lat' dir='ltr'>qui</span> <span class='ocrx_word' id='word_1_227' title='bbox 3602 3319 3972 3397; x_wconf 88' lang='lat' dir='ltr'>scribendi</span> <span class='ocrx_word' id='word_1_228' title='bbox 4035 3317 4490 3395; x_wconf 81' lang='lat' dir='ltr'>festinatione</span> 
     </span>
     <span class='ocr_line' id='line_1_24' title="bbox 1280 3436 4495 3575; baseline -0.004 -51"><span class='ocrx_word' id='word_1_229' title='bbox 1280 3444 1789 3575; x_wconf 88' lang='lat' dir='ltr'>celeritateque</span> <span class='ocrx_word' id='word_1_230' title='bbox 1861 3439 1935 3515; x_wconf 94' lang='lat' dir='ltr'>in</span> <span class='ocrx_word' id='word_1_231' title='bbox 2010 3436 2361 3539; x_wconf 90' lang='lat' dir='ltr'>loquendi</span> <span class='ocrx_word' id='word_1_232' title='bbox 2406 3438 2825 3537; x_wconf 86' lang='lat' dir='ltr'>pravitatem</span> <span class='ocrx_word' id='word_1_233' title='bbox 2877 3438 3303 3526; x_wconf 89' lang='lat' dir='ltr'>inciderunt,</span> <span class='ocrx_word' id='word_1_234' title='bbox 3378 3439 3455 3514; x_wconf 91' lang='lat' dir='ltr'>id</span> <span class='ocrx_word' id='word_1_235' title='bbox 3531 3441 3732 3542; x_wconf 90' lang='lat' dir='ltr'>quod</span> <span class='ocrx_word' id='word_1_236' title='bbox 3811 3440 3890 3515; x_wconf 87' lang='lat' dir='ltr'>fit</span> <span class='ocrx_word' id='word_1_237' title='bbox 3958 3439 4113 3514; x_wconf 86' lang='lat' dir='ltr'>sere</span> <span class='ocrx_word' id='word_1_238' title='bbox 4164 3438 4237 3512; x_wconf 92' lang='lat' dir='ltr'>in</span> <span class='ocrx_word' id='word_1_239' title='bbox 4282 3461 4495 3538; x_wconf 91' lang='lat' dir='ltr'>prae-</span> 
     </span>
     <span class='ocr_line' id='line_1_25' title="bbox 1277 3556 4493 3659; baseline -0.004 -16"><span class='ocrx_word' id='word_1_240' title='bbox 1277 3565 1611 3648; x_wconf 89' lang='lat' dir='ltr'>lectione,</span> <span class='ocrx_word' id='word_1_241' title='bbox 1670 3558 1744 3633; x_wconf 93' lang='lat' dir='ltr'>in</span> <span class='ocrx_word' id='word_1_242' title='bbox 1798 3557 2301 3659; x_wconf 86' lang='lat' dir='ltr'>disputatione,</span> <span class='ocrx_word' id='word_1_243' title='bbox 2366 3557 2438 3634; x_wconf 92' lang='lat' dir='ltr'>in</span> <span class='ocrx_word' id='word_1_244' title='bbox 2509 3556 2857 3645; x_wconf 87' lang='lat' dir='ltr'>oratione,</span> <span class='ocrx_word' id='word_1_245' title='bbox 2939 3558 3013 3632; x_wconf 93' lang='lat' dir='ltr'>in</span> <span class='ocrx_word' id='word_1_246' title='bbox 3091 3558 3739 3646; x_wconf 88' lang='lat' dir='ltr'>animadversione,</span> <span class='ocrx_word' id='word_1_247' title='bbox 3818 3557 3889 3632; x_wconf 91' lang='lat' dir='ltr'>in</span> <span class='ocrx_word' id='word_1_248' title='bbox 3968 3556 4493 3632; x_wconf 85' lang='lat' dir='ltr'>commentario</span> 
     </span>
     <span class='ocr_line' id='line_1_26' title="bbox 1281 3673 4497 3786; baseline -0.003 -27"><span class='ocrx_word' id='word_1_249' title='bbox 1281 3687 1459 3786; x_wconf 85' lang='lat' dir='ltr'>ejus</span> <span class='ocrx_word' id='word_1_250' title='bbox 1499 3676 1809 3781; x_wconf 77' lang='lat' dir='ltr'>generiS,</span> <span class='ocrx_word' id='word_1_251' title='bbox 1861 3702 2039 3779; x_wconf 86' lang='lat' dir='ltr'>quas</span> <span class='ocrx_word' id='word_1_252' title='bbox 2091 3676 2397 3754; x_wconf 88' lang='lat' dir='ltr'>dicimus</span> <span class='ocrx_word' id='word_1_253' title='bbox 2445 3674 2751 3761; x_wconf 75' lang='lat' dir='ltr'>notulaS,</span> <span class='ocrx_word' id='word_1_254' title='bbox 2819 3700 3006 3778; x_wconf 89' lang='lat' dir='ltr'>quae</span> <span class='ocrx_word' id='word_1_255' title='bbox 3074 3674 3318 3752; x_wconf 82' lang='lat' dir='ltr'>verbis</span> <span class='ocrx_word' id='word_1_256' title='bbox 3368 3676 3800 3786; x_wconf 81' lang='lat' dir='ltr'>scriptorum</span> <span class='ocrx_word' id='word_1_257' title='bbox 3852 3673 3946 3750; x_wconf 88' lang='lat' dir='ltr'>ad</span> <span class='ocrx_word' id='word_1_258' title='bbox 3999 3673 4497 3752; x_wconf 86' lang='lat' dir='ltr'>illustrandum</span> 
     </span>
     <span class='ocr_line' id='line_1_27' title="bbox 1282 3765 4498 3928; baseline -0.002 -53"><span class='ocrx_word' id='word_1_259' title='bbox 1282 3798 1834 3899; x_wconf 84' lang='lat' dir='ltr'>subjunguntur.</span> <span class='ocrx_word' id='word_1_260' title='bbox 1941 3793 2143 3868; x_wconf 83' lang='lat' dir='ltr'>Talia</span> <span class='ocrx_word' id='word_1_261' title='bbox 2192 3765 2632 3928; x_wconf 76' lang='lat' dir='ltr'>segregandi</span> <span class='ocrx_word' id='word_1_262' title='bbox 2682 3794 3010 3870; x_wconf 93' lang='lat' dir='ltr'>laborem</span> <span class='ocrx_word' id='word_1_263' title='bbox 3058 3794 3230 3870; x_wconf 92' lang='lat' dir='ltr'>ideo</span> <span class='ocrx_word' id='word_1_264' title='bbox 3282 3795 3645 3895; x_wconf 89' lang='lat' dir='ltr'>putaveris</span> <span class='ocrx_word' id='word_1_265' title='bbox 3672 3818 4293 3897; x_wconf 79' lang='lat' dir='ltr'>supervacaneum</span> <span class='ocrx_word' id='word_1_266' title='bbox 4329 3818 4498 3868; x_wconf 86' lang='lat' dir='ltr'>esse</span> 
     </span>
     <span class='ocr_line' id='line_1_28' title="bbox 1286 3909 4496 4028; baseline -0.002 -36"><span class='ocrx_word' id='word_1_267' title='bbox 1286 3913 1605 4028; x_wconf 90' lang='lat' dir='ltr'>quodam</span> <span class='ocrx_word' id='word_1_268' title='bbox 1660 3911 1906 3998; x_wconf 86' lang='lat' dir='ltr'>modo,</span> <span class='ocrx_word' id='word_1_269' title='bbox 1954 3910 2156 4013; x_wconf 90' lang='lat' dir='ltr'>quod</span> <span class='ocrx_word' id='word_1_270' title='bbox 2206 3911 2269 3987; x_wconf 87' lang='lat' dir='ltr'>si</span> <span class='ocrx_word' id='word_1_271' title='bbox 2321 3912 2480 4014; x_wconf 87' lang='lat' dir='ltr'>quis</span> <span class='ocrx_word' id='word_1_272' title='bbox 2545 3912 2798 3992; x_wconf 89' lang='lat' dir='ltr'>Latine</span> <span class='ocrx_word' id='word_1_273' title='bbox 2873 3913 3119 3988; x_wconf 88' lang='lat' dir='ltr'>dicere</span> <span class='ocrx_word' id='word_1_274' title='bbox 3162 3913 3275 3987; x_wconf 91' lang='lat' dir='ltr'>vel</span> <span class='ocrx_word' id='word_1_275' title='bbox 3325 3912 3649 3988; x_wconf 90' lang='lat' dir='ltr'>scribere</span> <span class='ocrx_word' id='word_1_276' title='bbox 3701 3913 3890 4001; x_wconf 87' lang='lat' dir='ltr'>velit,</span> <span class='ocrx_word' id='word_1_277' title='bbox 3947 3909 4222 3987; x_wconf 84' lang='lat' dir='ltr'>etiamsi</span> <span class='ocrx_word' id='word_1_278' title='bbox 4275 3936 4496 3986; x_wconf 90' lang='lat' dir='ltr'>nemo</span> 
     </span>
     <span class='ocr_line' id='line_1_29' title="bbox 1285 4017 4504 4133; baseline -0.002 -24"><span class='ocrx_word' id='word_1_279' title='bbox 1285 4040 1597 4118; x_wconf 90' lang='lat' dir='ltr'>moneat,</span> <span class='ocrx_word' id='word_1_280' title='bbox 1645 4039 1887 4105; x_wconf 89' lang='lat' dir='ltr'>tamen</span> <span class='ocrx_word' id='word_1_281' title='bbox 1938 4028 2205 4105; x_wconf 88' lang='lat' dir='ltr'>debeat</span> <span class='ocrx_word' id='word_1_282' title='bbox 2272 4029 2692 4133; x_wconf 86' lang='lat' dir='ltr'>intelligere,</span> <span class='ocrx_word' id='word_1_283' title='bbox 2768 4029 2905 4106; x_wconf 88' lang='lat' dir='ltr'>alia</span> <span class='ocrx_word' id='word_1_284' title='bbox 2983 4030 3121 4131; x_wconf 88' lang='lat' dir='ltr'>ipsi</span> <span class='ocrx_word' id='word_1_285' title='bbox 3191 4031 3383 4106; x_wconf 86' lang='lat' dir='ltr'>nulla</span> <span class='ocrx_word' id='word_1_286' title='bbox 3453 4032 3890 4107; x_wconf 88' lang='lat' dir='ltr'>arcessenda</span> <span class='ocrx_word' id='word_1_287' title='bbox 3942 4056 4107 4106; x_wconf 90' lang='lat' dir='ltr'>esse</span> <span class='ocrx_word' id='word_1_288' title='bbox 4156 4017 4504 4116; x_wconf 86' lang='lat' dir='ltr'>subsidia,</span> 
     </span>
     <span class='ocr_line' id='line_1_30' title="bbox 1291 4133 4502 4256; baseline -0.002 -28"><span class='ocrx_word' id='word_1_289' title='bbox 1291 4149 1555 4256; x_wconf 89' lang='lat' dir='ltr'>quibus</span> <span class='ocrx_word' id='word_1_290' title='bbox 1607 4157 1859 4238; x_wconf 88' lang='lat' dir='ltr'>utatur,</span> <span class='ocrx_word' id='word_1_291' title='bbox 1914 4173 2132 4255; x_wconf 87' lang='lat' dir='ltr'>quam</span> <span class='ocrx_word' id='word_1_292' title='bbox 2186 4172 2376 4255; x_wconf 89' lang='lat' dir='ltr'>quae</span> <span class='ocrx_word' id='word_1_293' title='bbox 2420 4147 2494 4222; x_wconf 93' lang='lat' dir='ltr'>in</span> <span class='ocrx_word' id='word_1_294' title='bbox 2544 4148 2702 4249; x_wconf 87' lang='lat' dir='ltr'>ipsa</span> <span class='ocrx_word' id='word_1_295' title='bbox 2758 4148 3000 4252; x_wconf 88' lang='lat' dir='ltr'>lingua</span> <span class='ocrx_word' id='word_1_296' title='bbox 3052 4148 3445 4256; x_wconf 89' lang='lat' dir='ltr'>litterisque</span> <span class='ocrx_word' id='word_1_297' title='bbox 3494 4133 3990 4226; x_wconf 83' lang='lat' dir='ltr'>Romanorum</span> <span class='ocrx_word' id='word_1_298' title='bbox 4053 4174 4229 4224; x_wconf 92' lang='lat' dir='ltr'>vere</span> <span class='ocrx_word' id='word_1_299' title='bbox 4285 4149 4502 4224; x_wconf 87' lang='lat' dir='ltr'>insint</span> 
     </span>
     <span class='ocr_line' id='line_1_31' title="bbox 1291 4266 4497 4378; baseline -0.002 -31"><span class='ocrx_word' id='word_1_300' title='bbox 1291 4293 1629 4378; x_wconf 89' lang='lat' dir='ltr'>quaeque</span> <span class='ocrx_word' id='word_1_301' title='bbox 1680 4267 2096 4367; x_wconf 80' lang='lat' dir='ltr'>incorrupta</span> <span class='ocrx_word' id='word_1_302' title='bbox 2145 4266 2504 4342; x_wconf 86' lang='lat' dir='ltr'>sermonis</span> <span class='ocrx_word' id='word_1_303' title='bbox 2532 4266 2899 4370; x_wconf 87' lang='lat' dir='ltr'>integritas</span> <span class='ocrx_word' id='word_1_304' title='bbox 2934 4267 3416 4343; x_wconf 88' lang='lat' dir='ltr'>commendet.</span> <span class='ocrx_word' id='word_1_305' title='bbox 3467 4305 3484 4320; x_wconf 87' lang='lat'><strong>·</strong></span> <span class='ocrx_word' id='word_1_306' title='bbox 3521 4270 3724 4345; x_wconf 92' lang='lat' dir='ltr'>Bene</span> <span class='ocrx_word' id='word_1_307' title='bbox 3777 4268 3968 4344; x_wconf 91' lang='lat' dir='ltr'>enim</span> <span class='ocrx_word' id='word_1_308' title='bbox 4021 4268 4284 4369; x_wconf 88' lang='lat' dir='ltr'>scripta</span> <span class='ocrx_word' id='word_1_309' title='bbox 4335 4267 4378 4342; x_wconf 89' lang='lat' dir='ltr'>i.</span> <span class='ocrx_word' id='word_1_310' title='bbox 4433 4292 4497 4340; x_wconf 91' lang='lat' dir='ltr'>e.</span> 
     </span>
     <span class='ocr_line' id='line_1_32' title="bbox 1292 4383 4506 4490; baseline -0.002 -25"><span class='ocrx_word' id='word_1_311' title='bbox 1292 4413 1467 4464; x_wconf 90' lang='lat' dir='ltr'>vere</span> <span class='ocrx_word' id='word_1_312' title='bbox 1517 4385 1768 4482; x_wconf 77' lang='lat' dir='ltr'>Latina</span> <span class='ocrx_word' id='word_1_313' title='bbox 1815 4383 2154 4487; x_wconf 84' lang='lat' dir='ltr'>legendo,</span> <span class='ocrx_word' id='word_1_314' title='bbox 2230 4409 2418 4490; x_wconf 90' lang='lat' dir='ltr'>quae</span> <span class='ocrx_word' id='word_1_315' title='bbox 2469 4398 2669 4460; x_wconf 85' lang='lat' dir='ltr'>recta</span> <span class='ocrx_word' id='word_1_316' title='bbox 2744 4399 2929 4473; x_wconf 90' lang='lat' dir='ltr'>sunt,</span> <span class='ocrx_word' id='word_1_317' title='bbox 3003 4410 3456 4488; x_wconf 86' lang='lat' dir='ltr'>cognoscere</span> <span class='ocrx_word' id='word_1_318' title='bbox 3509 4413 3594 4462; x_wconf 91' lang='lat' dir='ltr'>ac</span> <span class='ocrx_word' id='word_1_319' title='bbox 3642 4387 4023 4490; x_wconf 90' lang='lat' dir='ltr'>percipere</span> <span class='ocrx_word' id='word_1_320' title='bbox 4103 4387 4288 4472; x_wconf 83' lang='lat' dir='ltr'>licet,</span> <span class='ocrx_word' id='word_1_321' title='bbox 4364 4411 4506 4461; x_wconf 88' lang='lat' dir='ltr'>nec</span> 
     </span>
     <span class='ocr_line' id='line_1_33' title="bbox 1295 4501 4500 4616; baseline -0.001 -33"><span class='ocrx_word' id='word_1_322' title='bbox 1295 4508 1421 4616; x_wconf 87' lang='lat' dir='ltr'>qui</span> <span class='ocrx_word' id='word_1_323' title='bbox 1468 4529 1687 4607; x_wconf 84' lang='lat' dir='ltr'>prava</span> <span class='ocrx_word' id='word_1_324' title='bbox 1736 4528 1886 4578; x_wconf 92' lang='lat' dir='ltr'>non</span> <span class='ocrx_word' id='word_1_325' title='bbox 1937 4501 2163 4589; x_wconf 88' lang='lat' dir='ltr'>discit,</span> <span class='ocrx_word' id='word_1_326' title='bbox 2232 4528 2322 4578; x_wconf 90' lang='lat' dir='ltr'>ea</span> <span class='ocrx_word' id='word_1_327' title='bbox 2387 4503 2771 4579; x_wconf 88' lang='lat' dir='ltr'>dediscere</span> <span class='ocrx_word' id='word_1_328' title='bbox 2824 4504 3122 4607; x_wconf 85' lang='lat' dir='ltr'>cogitur.</span> <span class='ocrx_word' id='word_1_329' title='bbox 3227 4503 3382 4612; x_wconf 62' lang='lat' dir='ltr'>Sed</span> <span class='ocrx_word' id='word_1_330' title='bbox 3426 4514 3668 4581; x_wconf 88' lang='lat' dir='ltr'>tamen</span> <span class='ocrx_word' id='word_1_331' title='bbox 3717 4505 4131 4581; x_wconf 85' lang='lat' dir='ltr'>necessaria</span> <span class='ocrx_word' id='word_1_332' title='bbox 4182 4505 4500 4612; x_wconf 87' lang='lat' dir='ltr'>quodam</span> 
     </span>
     <span class='ocr_line' id='line_1_34' title="bbox 1298 4619 4503 4728; baseline -0.001 -29"><span class='ocrx_word' id='word_1_333' title='bbox 1298 4624 1524 4699; x_wconf 91' lang='lat' dir='ltr'>modo</span> <span class='ocrx_word' id='word_1_334' title='bbox 1576 4622 1762 4697; x_wconf 82' lang='lat' dir='ltr'>facta</span> <span class='ocrx_word' id='word_1_335' title='bbox 1809 4629 1921 4724; x_wconf 70' lang='lat' dir='ltr'>est</span> <span class='ocrx_word' id='word_1_336' title='bbox 1970 4619 2592 4698; x_wconf 86' lang='lat' dir='ltr'>antibarbarorum</span> <span class='ocrx_word' id='word_1_337' title='bbox 2650 4647 2895 4723; x_wconf 88' lang='lat' dir='ltr'>opera,</span> <span class='ocrx_word' id='word_1_338' title='bbox 2973 4622 3315 4728; x_wconf 89' lang='lat' dir='ltr'>quoniam</span> <span class='ocrx_word' id='word_1_339' title='bbox 3367 4622 3704 4726; x_wconf 87' lang='lat' dir='ltr'>leguntur</span> <span class='ocrx_word' id='word_1_340' title='bbox 3767 4625 3986 4700; x_wconf 88' lang='lat' dir='ltr'>multa</span> <span class='ocrx_word' id='word_1_341' title='bbox 4048 4632 4121 4698; x_wconf 84' lang='lat' dir='ltr'>et</span> <span class='ocrx_word' id='word_1_342' title='bbox 4166 4647 4347 4697; x_wconf 93' lang='lat' dir='ltr'>vero</span> <span class='ocrx_word' id='word_1_343' title='bbox 4400 4623 4503 4697; x_wconf 91' lang='lat' dir='ltr'>le-</span> 
     </span>
     <span class='ocr_line' id='line_1_35' title="bbox 1299 4738 4503 4849; baseline -0 -32"><span class='ocrx_word' id='word_1_344' title='bbox 1299 4741 1539 4847; x_wconf 85' lang='lat' dir='ltr'>genda</span> <span class='ocrx_word' id='word_1_345' title='bbox 1591 4749 1774 4826; x_wconf 87' lang='lat' dir='ltr'>sunt,</span> <span class='ocrx_word' id='word_1_346' title='bbox 1829 4762 2018 4845; x_wconf 89' lang='lat' dir='ltr'>quae</span> <span class='ocrx_word' id='word_1_347' title='bbox 2080 4738 2222 4815; x_wconf 89' lang='lat' dir='ltr'>sint</span> <span class='ocrx_word' id='word_1_348' title='bbox 2292 4752 2460 4840; x_wconf 87' lang='lat' dir='ltr'>post</span> <span class='ocrx_word' id='word_1_349' title='bbox 2522 4749 2828 4816; x_wconf 85' lang='lat' dir='ltr'>aetatem</span> <span class='ocrx_word' id='word_1_350' title='bbox 2903 4740 3404 4816; x_wconf 90' lang='lat' dir='ltr'>Romanorum</span> <span class='ocrx_word' id='word_1_351' title='bbox 3470 4742 3750 4843; x_wconf 87' lang='lat' dir='ltr'>scripta.</span> <span class='ocrx_word' id='word_1_352' title='bbox 3881 4744 3961 4817; x_wconf 91' lang='lat' dir='ltr'>In</span> <span class='ocrx_word' id='word_1_353' title='bbox 4031 4742 4297 4849; x_wconf 85' lang='lat' dir='ltr'>quibus</span> <span class='ocrx_word' id='word_1_354' title='bbox 4355 4767 4503 4848; x_wconf 91' lang='lat' dir='ltr'>quo</span> 
     </span>
     <span class='ocr_line' id='line_1_36' title="bbox 1296 4857 4528 4965; baseline -0.001 -27"><span class='ocrx_word' id='word_1_355' title='bbox 1296 4859 1742 4965; x_wconf 89' lang='lat' dir='ltr'>ingeniosius</span> <span class='ocrx_word' id='word_1_356' title='bbox 1789 4857 2233 4964; x_wconf 89' lang='lat' dir='ltr'>liberiusque</span> <span class='ocrx_word' id='word_1_357' title='bbox 2280 4858 2547 4932; x_wconf 89' lang='lat' dir='ltr'>versati</span> <span class='ocrx_word' id='word_1_358' title='bbox 2582 4868 2764 4945; x_wconf 85' lang='lat' dir='ltr'>sunt,</span> <span class='ocrx_word' id='word_1_359' title='bbox 2813 4857 2940 4965; x_wconf 89' lang='lat' dir='ltr'>qui</span> <span class='ocrx_word' id='word_1_360' title='bbox 2986 4858 3446 4958; x_wconf 84' lang='lat' dir='ltr'>scripserunt.</span> <span class='ocrx_word' id='word_1_361' title='bbox 3499 4859 3641 4935; x_wconf 87' lang='lat' dir='ltr'>boc</span> <span class='ocrx_word' id='word_1_362' title='bbox 3670 4861 3896 4964; x_wconf 89' lang='lat' dir='ltr'>magis</span> <span class='ocrx_word' id='word_1_363' title='bbox 3947 4860 4039 4935; x_wconf 87' lang='lat' dir='ltr'>ab</span> <span class='ocrx_word' id='word_1_364' title='bbox 4090 4860 4208 4935; x_wconf 90' lang='lat' dir='ltr'>illa</span> <span class='ocrx_word' id='word_1_365' title='bbox 4252 4875 4528 4936; x_wconf 83' lang='lat' dir='ltr'>exem-·</span> 
     </span>
     <span class='ocr_line' id='line_1_37' title="bbox 1297 4974 4506 5086; baseline -0.001 -31"><span class='ocrx_word' id='word_1_366' title='bbox 1297 4980 1420 5083; x_wconf 93' lang='lat' dir='ltr'>plo</span> <span class='ocrx_word' id='word_1_367' title='bbox 1474 4974 1946 5075; x_wconf 74' lang='lat' dir='ltr'>comprobata</span> <span class='ocrx_word' id='word_1_368' title='bbox 1996 4975 2222 5050; x_wconf 87' lang='lat' dir='ltr'>Latini</span> <span class='ocrx_word' id='word_1_369' title='bbox 2274 4975 2633 5050; x_wconf 84' lang='lat' dir='ltr'>sermonis</span> <span class='ocrx_word' id='word_1_370' title='bbox 2683 4975 3211 5052; x_wconf 89' lang='lat' dir='ltr'>consuetudine</span> <span class='ocrx_word' id='word_1_371' title='bbox 3260 4977 3772 5066; x_wconf 85' lang='lat' dir='ltr'>discesserunt;</span> <span class='ocrx_word' id='word_1_372' title='bbox 3823 5004 4065 5086; x_wconf 88' lang='lat' dir='ltr'>neque</span> <span class='ocrx_word' id='word_1_373' title='bbox 4105 4978 4182 5054; x_wconf 93' lang='lat' dir='ltr'>id</span> <span class='ocrx_word' id='word_1_374' title='bbox 4222 4980 4506 5054; x_wconf 88' lang='lat' dir='ltr'>mirum.</span> 
     </span>
     <span class='ocr_line' id='line_1_38' title="bbox 1303 5091 4508 5205; baseline -0.001 -31"><span class='ocrx_word' id='word_1_375' title='bbox 1303 5095 1657 5174; x_wconf 88' lang='lat' dir='ltr'>Taedium</span> <span class='ocrx_word' id='word_1_376' title='bbox 1689 5093 1883 5167; x_wconf 90' lang='lat' dir='ltr'>enim</span> <span class='ocrx_word' id='word_1_377' title='bbox 1911 5091 2287 5169; x_wconf 86' lang='lat' dir='ltr'>adferebat</span> <span class='ocrx_word' id='word_1_378' title='bbox 2326 5093 2630 5171; x_wconf 84' lang='lat' dir='ltr'>sollicite</span> <span class='ocrx_word' id='word_1_379' title='bbox 2654 5094 2972 5171; x_wconf 86' lang='lat' dir='ltr'>imitandi</span> <span class='ocrx_word' id='word_1_380' title='bbox 3027 5121 3220 5171; x_wconf 86' lang='lat' dir='ltr'>cura.</span> <span class='ocrx_word' id='word_1_381' title='bbox 3313 5095 3496 5172; x_wconf 87' lang='lat' dir='ltr'>Nam</span> <span class='ocrx_word' id='word_1_382' title='bbox 3523 5124 3714 5205; x_wconf 89' lang='lat' dir='ltr'>quae</span> <span class='ocrx_word' id='word_1_383' title='bbox 3744 5107 4075 5172; x_wconf 88' lang='lat' dir='ltr'>constant</span> <span class='ocrx_word' id='word_1_384' title='bbox 4096 5097 4252 5173; x_wconf 87' lang='lat' dir='ltr'>sola</span> <span class='ocrx_word' id='word_1_385' title='bbox 4279 5096 4508 5172; x_wconf 84' lang='lat' dir='ltr'>imita-</span> 
     </span>
     <span class='ocr_line' id='line_1_39' title="bbox 1302 5209 4513 5322; baseline -0.001 -29"><span class='ocrx_word' id='word_1_386' title='bbox 1302 5218 1518 5301; x_wconf 87' lang='lat' dir='ltr'>tione,</span> <span class='ocrx_word' id='word_1_387' title='bbox 1568 5210 1644 5287; x_wconf 92' lang='lat' dir='ltr'>in</span> <span class='ocrx_word' id='word_1_388' title='bbox 1692 5211 1780 5286; x_wconf 90' lang='lat' dir='ltr'>iis</span> <span class='ocrx_word' id='word_1_389' title='bbox 1832 5209 2123 5286; x_wconf 91' lang='lat' dir='ltr'>minime</span> <span class='ocrx_word' id='word_1_390' title='bbox 2169 5210 2525 5288; x_wconf 80' lang='lat' dir='ltr'>locus·est</span> <span class='ocrx_word' id='word_1_391' title='bbox 2572 5212 2886 5315; x_wconf 87' lang='lat' dir='ltr'>ingenio.</span> <span class='ocrx_word' id='word_1_392' title='bbox 2993 5213 3318 5292; x_wconf 89' lang='lat' dir='ltr'>Abducit</span> <span class='ocrx_word' id='word_1_393' title='bbox 3365 5223 3606 5292; x_wconf 90' lang='lat' dir='ltr'>autem</span> <span class='ocrx_word' id='word_1_394' title='bbox 3645 5216 3736 5291; x_wconf 89' lang='lat' dir='ltr'>ab</span> <span class='ocrx_word' id='word_1_395' title='bbox 3772 5216 4050 5291; x_wconf 87' lang='lat' dir='ltr'>ratione</span> <span class='ocrx_word' id='word_1_396' title='bbox 4077 5215 4513 5322; x_wconf 88' lang='lat' dir='ltr'>antiquitatis</span> 
     </span>
     <span class='ocr_line' id='line_1_40' title="bbox 1306 5328 4512 5436; baseline -0.001 -25"><span class='ocrx_word' id='word_1_397' title='bbox 1306 5334 1519 5411; x_wconf 88' lang='lat' dir='ltr'>etiam</span> <span class='ocrx_word' id='word_1_398' title='bbox 1572 5354 1692 5406; x_wconf 86' lang='lat' dir='ltr'>res</span> <span class='ocrx_word' id='word_1_399' title='bbox 1721 5355 1867 5419; x_wconf 74' lang='lat' dir='ltr'>eaS,</span> <span class='ocrx_word' id='word_1_400' title='bbox 1921 5353 2111 5436; x_wconf 80' lang='lat' dir='ltr'>quae</span> <span class='ocrx_word' id='word_1_401' title='bbox 2162 5328 2530 5408; x_wconf 83' lang='lat' dir='ltr'>veteribus</span> <span class='ocrx_word' id='word_1_402' title='bbox 2579 5329 2843 5407; x_wconf 88' lang='lat' dir='ltr'>fuerint</span> <span class='ocrx_word' id='word_1_403' title='bbox 2899 5332 3219 5435; x_wconf 68' lang='lat' dir='ltr'>ignotae,</span> <span class='ocrx_word' id='word_1_404' title='bbox 3274 5332 3600 5434; x_wconf 84' lang='lat' dir='ltr'>ipsorum</span> <span class='ocrx_word' id='word_1_405' title='bbox 3650 5360 3992 5411; x_wconf 86' lang='lat' dir='ltr'>sermone</span> <span class='ocrx_word' id='word_1_406' title='bbox 4052 5334 4512 5436; x_wconf 87' lang='lat' dir='ltr'>exprimendi</span> 
     </span>
    </p>
   </div>
   <div class='ocr_carea' id='block_1_7' title="bbox 4937 0 4962 988">
    <p class='ocr_par' dir='ltr' id='par_1_7' title="bbox 4937 0 4962 988">
     <span class='ocr_line' id='line_1_41' title="bbox 4937 0 4962 988; baseline 0 0"><span class='ocrx_word' id='word_1_407' title='bbox 4937 0 4962 988; x_wconf 95' lang='lat' dir='ltr'> </span> 
     </span>
    </p>
   </div>
   <div class='ocr_carea' id='block_1_8' title="bbox 4935 3049 4964 4198">
    <p class='ocr_par' dir='ltr' id='par_1_8' title="bbox 4935 3049 4964 4198">
     <span class='ocr_line' id='line_1_42' title="bbox 4935 3049 4964 4198; baseline 0 0"><span class='ocrx_word' id='word_1_408' title='bbox 4935 3049 4964 4198; x_wconf 95' lang='lat' dir='ltr'> </span> 
     </span>
    </p>
   </div>
   <div class='ocr_carea' id='block_1_9' title="bbox 4942 4411 4957 4954">
    <p class='ocr_par' dir='ltr' id='par_1_9' title="bbox 4942 4411 4957 4954">
     <span class='ocr_line' id='line_1_43' title="bbox 4942 4411 4957 4954; baseline 0 0"><span class='ocrx_word' id='word_1_409' title='bbox 4942 4411 4957 4954; x_wconf 95' lang='lat' dir='ltr'> </span> 
     </span>
    </p>
   </div>
  </div>
 </body>
</html>
