4984 6517
1389 566 1552 651 132

1583 776 1892 855 Nucleus
1943 794 2334 868 evacuatus,
2383 792 2457 854 ut
2507 807 2706 856 ascos
2759 794 2829 856 et
2875 811 3116 884 sporas
3167 784 3403 859 snistra
3452 789 3931 884 quaesiverim,
4015 813 4222 887 quare
4272 787 4500 865 distin·

1480 927 1691 1000 guere
1744 901 2099 988 noluerim,
2140 902 2442 1000 quamvis
2493 901 2856 999 perithecia
2909 905 3209 976 tenuiora
3262 906 3611 1004 magisque
3661 908 3991 979 immersa.

1404 1057 1436 1091 ⁰
1482 1054 1558 1129 S.
1613 1054 2028 1153 (Immnss)
2083 1077 2496 1144 motmunt.
2601 1052 2719 1127 Fr.
2775 1049 2884 1126 El.
2935 1052 3005 1125 2.
3060 1077 3127 1152 p.
3181 1054 3343 1126 100.

1580 1197 1779 1273 Hanc
1828 1201 2128 1298 speciem
2179 1202 2350 1272 inter
2395 1200 2553 1272 alias
2603 1198 3167 1273 indeterminatam
3222 1203 3398 1276 misit
3461 1201 3838 1287 Wallroth‚·
3891 1201 4206 1302 equidem
4247 1203 4505 1302 primus

1480 1318 1942 1405 determinavi,
1995 1318 2445 1406 denominavi,
2503 1317 2850 1417 descripsi.
2954 1315 3339 1394 Fastidiens
3400 1322 3648 1407 nisum,
3710 1321 4208 1422 quamplurimis
4263 1319 4508 1419 plantis

1481 1464 1668 1510 suam
1724 1435 2108 1510 adscribere
2161 1438 2425 1537 siglam,
2475 1436 2611 1509 hoc
2664 1438 3029 1510 observare
3083 1450 3302 1512 tamen
3354 1465 3588 1538 cogor,
3636 1452 3711 1512 ut
3764 1441 3975 1512 sciant
4037 1450 4349 1510 auctores
4401 1463 4508 1510 me

1479 1557 1768 1628 candide
1815 1571 1887 1627 et
1917 1555 2236 1654 fideliter
2307 1556 2598 1629 indicare
2652 1557 3030 1655 specierum
3085 1559 3562 1630 auctoritatem.
3617 1600 3712 1614 —
3774 1556 3912 1630 Csr.
3963 1556 4248 1630 candiss.
4298 1557 4507 1628 Mou-

1475 1691 1638 1770 geot
1679 1675 1744 1747 in
1790 1671 2034 1747 Enum.
2088 1673 2178 1774 pl.
2225 1670 2478 1772 Vosg.,
2541 1676 2653 1774 qui
2703 1676 2852 1773 ipse
2900 1676 3221 1748 observat
3268 1701 3377 1748 me
3441 1674 3920 1750 determinasse
3972 1675 4262 1775 plantas,
4338 1700 4508 1773 quas

1477 1792 1564 1864 illi
1617 1791 1988 1892 adscriptas
2039 1792 2425 1864 maluerunt.

2438 1935 2870 2013 Drcnsnm.
2974 1936 3094 2012 Fr.
3152 1935 3194 2012 1.
3249 1961 3310 2011 c.

1284 2076 1344 2149 1.
1467 2074 1561 2150 D.
1613 2098 2051 2161 smumosa,
2126 2074 2538 2176 peritheciis
2615 2072 3447 2179 oblongo-rubrotundis
3536 2072 3764 2149 dense
3848 2071 4121 2174 stipatis
4206 2071 4506 2145 demum

1274 4636 1336 4708 1.

1270 5094 1333 5163 1.

1478 2194 1877 2297 corrugatis
1934 2194 2608 2283 concrescentibuS,
2679 2195 2756 2270 in
2838 2204 3183 2271 stromate
3268 2190 3587 2269 corticali
3636 2188 4506 2292 hemisphaerion-protu-

1478 2310 1781 2387 berante
1825 2311 2102 2387 innatis.

1570 2453 1697 2528 Ad
1759 2478 2005 2530 ramos
2089 2455 2514 2547 Quercuum
2584 2455 2661 2531 in
2734 2455 3055 2533 Mexico.
3158 2455 3513 2531 Liebman.
3617 2455 3701 2530 In
3756 2455 4054 2547 Quercu
4106 2452 4312 2555 nigra
4368 2450 4507 2524 Ca-

1475 2570 1770 2646 rolinae.
1884 2572 2146 2650 Curtis.

1577 2713 1800 2789 Valde
1850 2717 2059 2790 affinis
2106 2717 2205 2789 D.
2255 2745 2552 2813 rugosae
2601 2720 2886 2818 ejusque
2938 2743 3129 2791 more
3181 2744 3631 2792 concrescens
3695 2720 3760 2792 in
3810 2717 4136 2803 maculas,
4213 2716 4277 2789 in
4358 2717 4506 2814 qui-

1475 2835 1604 2908 bus
1657 2836 1785 2909 sub
1832 2837 2139 2909 microsc.
2187 2863 2475 2909 massam
2529 2836 3377 2936 grumoso-carbonaceam
3430 2848 3680 2910 tantum
3732 2835 3962 2910 videre
4025 2835 4209 2921 licet,
4272 2835 4506 2908 tuber-

1476 2953 1629 3029 culo
1674 2978 1838 3028 vero
1893 2954 2187 3027 corticali
2237 2955 2718 3055 protuberante
2768 2981 2928 3027 mox
2980 2952 3264 3028 diversa.

1715 3132 2069 3208 Scomas.
2176 3131 2247 3207 S.
2307 3129 2404 3206 M.
2454 3132 2540 3206 11.
2596 3158 2666 3233 p.
2726 3132 2895 3206 290.
2959 3128 3183 3231 (char.
3237 3128 3525 3205 emend.
3587 3126 4061 3231 Montagne!)

1569 3271 1973 3350 Perithecia
2021 3272 2716 3361 fibroso-contexta,
2772 3298 3075 3361 cornea,
3126 3272 3273 3348 uda
3321 3269 3568 3346 mollia
3626 3270 4054 3374 gelatinosa,
4101 3269 4300 3344 sicca
4332 3268 4505 3371 rigi·

1470 3390 1565 3467 da
1595 3390 1998 3493 fragillima,
2051 3390 2128 3466 in
2156 3389 2496 3491 myceIiO,
2549 3416 2594 3467 e
2642 3390 2848 3467 fibris
2903 3416 3123 3467 muco
3169 3374 3507 3466 involutis
3566 3396 3937 3477 contexto,
3987 3410 4236 3463 crasso
4273 3411 4501 3487 spon·

1471 3510 1720 3612 giosO,
1777 3509 1976 3584 sicco
2047 3508 2630 3612 corneo-rigido,
2686 3509 3079 3587 sessilibus.
3185 3507 3368 3584 Asci
3448 3507 3734 3595 clavati,
3808 3508 4048 3610 spor-is
4135 3504 4506 3607 quaternis

1476 3625 1970 3702 fusiformibus
2021 3626 2333 3727 scptatis.

1568 3774 1633 3849 F
1641 3777 1795 3873 ungi
1845 3776 2274 3864 nobilissimi,
2327 3773 2414 3847 ad
2462 3775 2826 3874 specimina
2875 3773 3278 3872 incompleta
3331 3769 3655 3844 hactenus
3706 3781 3955 3844 tantum
4014 3768 4293 3866 cogniti,
4346 3765 4509 3840 cha-

1471 3888 1797 3968 racterem
1847 3896 2120 3993 egregie
2175 3896 2489 3993 exposuit
2541 3891 2687 3967 Cel.
2742 3892 3130 3987 Illontagne
3168 3893 3235 3963 in
3286 3888 3464 3964 Ann.
3516 3886 3636 3961 Sc.
3666 3887 3825 3961 Nat.
3861 3887 4074 3962 1849.
4116 3886 4168 3959 Ι.
4217 3914 4287 3985 p.
4317 3886 4503 3972 3⁰3,

1471 4040 1556 4086 ex
1612 4039 1747 4112 quo
1802 4010 1866 4084 h.
1919 4013 1957 4085 l.
2011 4014 2436 4114 synopticum
2504 4011 2851 4109 exscripsi.
2953 4005 3357 4082 Manifestus
3410 4019 3513 4082 est
3567 4003 4116 4108 Pyrenomyces,
4185 4003 4271 4076 ad
4325 4030 4504 4104 quos

1467 4132 1624 4203 olim
1679 4133 1819 4204 sine
1897 4129 2105 4204 dubio
2160 4130 2392 4229 plures
2441 4122 3009 4229 Hyphomycetes
3060 4123 3380 4200 Dematei
3460 4138 3794 4224 tamquam
3855 4134 4065 4195 status
4117 4122 4505 4223 incompleti

1464 4248 1902 4323 transferendi
1958 4276 2018 4321 v.
2092 4274 2149 4321 c.
2212 4246 2648 4347 Capnodium
2717 4243 2976 4331 Mont„
3054 4244 3439 4318 Oedemium
3492 4240 3570 4316 S.
3624 4240 3729 4315 M.
3775 4268 3909 4315 non
3966 4239 4265 4328 Corda!,
4334 4243 4502 4339 My-

1465 4367 1769 4441 xotheeii
1818 4395 1956 4468 sp„
2042 4365 2562 4467 Ophiotrichum
2639 4363 2860 4438 Kunz.
2915 4376 3041 4436 etc.
3148 4362 3287 4436 Csr.
3344 4362 3423 4435 S.
3496 4362 3652 4458 Veg.
3712 4360 3967 4433 Scand.
4004 4386 4089 4460 p.
4144 4364 4298 4445 502,
4349 4364 4502 4434 503.

1463 4483 1601 4559 Alii
1651 4485 2233 4588 Pyrenomycetes
2286 4487 2492 4586 typici
2542 4488 2607 4557 in
2654 4495 2828 4557 statu
2876 4481 3189 4583 primario
3229 4478 3630 4555 Dematieos
3682 4478 3992 4552 referunt.

1463 4634 1537 4713 S
1593 4657 2018 4711 sponcrosA
2063 4632 2106 4708 1.
2163 4658 2224 4707 c.
2292 4632 2640 4732 BotrytiS.
2702 4632 3069 4706 Schwein..'
3119 4636 3304 4704 statu
3359 4627 3626 4703 exolet.

1566 4751 1648 4826 In
1699 4751 2047 4825 America
2097 4750 2377 4826 boreali
2421 4748 2754 4853 vulgare3
2806 4748 2955 4824 vidi
3006 4773 3051 4825 e
3097 4742 3395 4823 Mexico
3416 4807 3436 4835 ‚
3490 4748 3760 4832 Tean,
3812 4740 4174 4829 Carolina,
4228 4750 4362 4817 etc.

1484 4936 1944 5016 ZAsman.
2052 4937 2124 5012 S.
2176 4937 2267 5011 V.
2321 4935 2442 5011 Sc.
2503 4980 2596 4996 --
2650 4935 3142 5012 Antennariae
3171 4961 3277 5035 sp.
3315 4935 3555 5011 Auctt.
3612 4977 3705 4992 —
3752 4958 3901 5009 non
3951 4933 4273 5008 Brown.!

1469 5088 1545 5164 Z.
1598 5087 2266 5187 (Dnsnnopocon)
2316 5081 2790 5158 Ronmsonn.
2844 5078 3098 5155 Berk.!
3148 5077 3225 5159 in
3275 5074 3508 5152 Lond.
3563 5075 3817 5153 Journ.
3867 5075 3955 5149 Π.
4009 5081 4057 5148 t.
4105 5073 4225 5147 23.
4279 5072 4326 5147 f.
4371 5073 4440 5145 2.

1565 5206 1649 5281 In
1697 5205 1917 5280 Costa
1956 5204 2164 5290 moa,
2220 5201 2294 5277 in
2344 5208 2595 5277 monte
2645 5197 3019 5303 ignivomo
3078 5195 3258 5271 Irasi
3309 5195 3403 5270 ad
3445 5218 3690 5269 ramos
3741 5190 4088 5267 arborum
4119 5190 4445 5292 copiose.
