4984 6517
1422 578 1536 668 82

1516 798 1702 901 pileo
1750 799 2036 874 tenuiori
2084 809 2155 873 et
2203 794 2754 873 fibroso-radiato
2806 796 2893 870 P.
2900 789 3479 897 proinstantibus
3528 792 3929 893 (praecipue
3978 793 4064 867 P.
4093 791 4555 898 nilgheffemi)

1517 918 1872 993 accedens.
1979 915 2231 992 Descr.
2280 942 2447 990 vero
2502 916 2542 988 l.
2597 943 2677 1003 c.‚
2732 914 2819 988 ad
2879 917 3229 1015 specimen
3279 915 3347 987 in
3406 914 3596 986 Mus.
3649 912 4073 987 Britannico
4118 913 4327 1004 facts,
4396 943 4550 991 con-

1516 1039 1754 1136 spicue
1811 1036 2030 1111 differt
2077 1037 2272 1135 pileis
2322 1035 2858 1135 pubescentibus
2914 1045 2983 1107 et
3037 1045 3358 1108 contextu
3409 1030 3853 1132 gilvo-badio.

1391 1182 1462 1259 b.
1520 1186 1604 1259 P.
1647 1182 2037 1290 (Scupos.)
2097 1183 2421 1267 Oniscus,
2491 1179 3122 1267 effuso-reflexus,
3193 1175 3509 1253 seriatim
3577 1201 4101 1266 concrescens,
4169 1175 4368 1278 pileo
4446 1203 4555 1254 re·

1513 1303 1718 1379 flexo
1784 1297 2403 1403 coriaceo·rigido
2469 1295 2909 1400 inaequabili
2989 1295 3681 1398 pruinato·velutino
3762 1320 4004 1371 azono
4093 1297 4553 1399 cano-griseo

1518 1446 1787 1523 opaco,
1839 1419 2166 1523 margine
2216 1427 2430 1493 acuto
2484 1415 2807 1518 integro,
2870 1425 3224 1493 contextu
3276 1440 3320 1490 e
3375 1414 3546 1490 albo
3613 1412 3982 1518 pallidove
4061 1411 4308 1503 fusce,
4365 1415 4557 1515 poris

1516 1538 1992 1616 subrotundis
2038 1535 2538 1639 inaequalibus
2590 1533 3170 1611 cinereo-fuscis.
3276 1537 3362 1609 P.
3388 1537 3804 1633 flor-idanus
3869 1558 3913 1609 e
3975 1534 4246 1609 Santee
4297 1532 4552 1622 Rivier‚

1515 1684 1667 1734 non
1715 1657 2027 1759 typicus.
2131 1655 2348 1731 Berk.
2399 1651 2605 1729 herb.

1616 1805 1742 1882 Ad
1784 1813 2083 1880 truncos
2133 1803 2206 1878 in
2257 1827 2492 1906 regno
2546 1800 2970 1877 MexicanO.
3070 1800 3424 1902 Hffgberg.
3528 1801 3594 1877 E
3648 1802 3987 1880 Carolina
4035 1806 4394 1882 Ravenal!
4439 1831 4557 1882 va·

1515 1923 1788 2026 riisque
1833 1921 2096 1997 dissitis
2148 1920 2574 2025 regionibus
2626 1921 2931 2023 copiose
2976 1919 3201 1997 adest.

1574 2068 1584 2087 ⁹
1619 2074 1911 2149 Videtur
1986 2077 2159 2148 inter
2233 2077 2506 2174 species
2585 2076 2870 2148 maxime
2948 2072 3294 2172 dispersas
3343 2084 3411 2146 et
3459 2070 3850 2161 mutabiles,
3901 2100 4111 2174 quare
4160 2100 4384 2147 meam
4428 2078 4554 2173 jam

1517 2208 1669 2271 ante
1748 2194 1986 2269 decem
2056 2216 2274 2267 annos
2337 2192 2579 2265 factam
2645 2192 3169 2292 descriptionem
3218 2191 3353 2264 hoc
3399 2192 3553 2266 loco
3607 2192 3914 2265 inseram.
4019 2188 4193 2264 Pilei
4244 2196 4555 2285 coriacei,

1516 2313 1745 2414 rigidi,
1827 2314 2186 2398 imbricati,
2261 2312 2444 2384 varie
2525 2324 3078 2397 concrescentes,
3156 2335 3334 2382 nunc
3411 2309 3625 2409 plani,
3710 2336 3891 2383 nunc
3953 2308 4152 2383 valde
4231 2309 4555 2400 declives,

1515 2437 1779 2508 unciam
1832 2442 1902 2504 et
1950 2430 2119 2502 ultra
2172 2430 2315 2518 lati,
2368 2428 2879 2504 concrescendo
2932 2430 3362 2503 transversim
3420 2428 3723 2515 latiores,
3779 2428 4341 2517 canoflocculosi,
4394 2457 4555 2531 opa-

1516 2554 1612 2640 ci,
1659 2549 2080 2636 unicolores,
2137 2574 2375 2622 versus
2435 2550 2801 2647 marginem
2852 2574 3027 2647 vage
3081 2560 3149 2620 et
3210 2546 3447 2621 leviter
3496 2546 3765 2635 sulcati,
3813 2560 4112 2622 ceterum
4169 2551 4554 2649 inaequabi-

1514 2671 1614 2744 les
1670 2681 1740 2743 et
1786 2696 1824 2741 a
1886 2669 2033 2742 basi
2097 2693 2336 2740 versus
2414 2669 2783 2765 marginem
2854 2692 3065 2766 saepe
3138 2665 3683 2765 radiato-rugosi.
3786 2664 4025 2741 Variat
4098 2694 4185 2741 ex
4276 2671 4552 2743 maxima

1508 2800 1702 2888 parte
1755 2790 2214 2887 resupinatus,
2285 2785 2569 2873 effusus,
2633 2786 2931 2883 margine
3007 2783 3409 2859 brevissimo
3498 2784 3771 2859 reflexo.
3879 2783 4260 2860 Contextus
4311 2790 4563 2877 tenuis,

1513 2906 1860 2980 manifeste
1911 2904 2302 2992 fibrillosus,
2343 2917 2420 2976 ut
2458 2907 2526 2978 in
2573 2900 2658 2976 P.
2709 2905 3014 3002 corrugi,
3054 2903 3259 3002 vulgo
3311 2902 3558 3002 pallide
3607 2902 3873 2992 fuscus,
3917 2904 4251 2978 interdum
4308 2907 4552 2980 obscu-

1508 3028 1677 3112 rior,
1731 3024 1856 3098 sed
1909 3026 2120 3097 variat
2174 3026 2370 3097 etiam
2425 3025 2698 3096 omnino
2751 3022 2973 3094 albus!
3078 3019 3245 3094 Pori
3299 3024 3639 3095 contextui
3690 3023 4039 3098 manifeste
4093 3024 4428 3124 oppositi,
4477 3024 4549 3097 li-

1509 3170 1703 3218 neam
1757 3147 1868 3218 vix
1908 3144 2094 3243 longi
2145 3155 2215 3216 et
2265 3142 2633 3241 marginem
2678 3164 2919 3214 versus
2970 3141 3448 3215 decrescentes
3492 3142 4007 3240 (punctil'ormes
4060 3146 4386 3245 tantum),
4436 3169 4554 3216 nu-

1506 3262 1596 3336 do
1651 3263 1851 3336 oculo
1901 3262 2284 3362 conspicui,
2334 3258 2533 3334 valde
2584 3260 3004 3359 inaequales,
3056 3272 3123 3332 at
3172 3287 3309 3333 non
3355 3260 3657 3348 lacerati,
3709 3261 3898 3334 fusci.

1307 3431 1410 3497 29.
1460 3418 1547 3494 P.
1603 3419 2005 3521 (Swpos1)
2056 3415 2494 3494 Rsvmurn
2558 3416 2776 3493 Berk.
2852 3424 2926 3492 et
2987 3417 3106 3493 Fr.
3183 3416 3382 3518 pileo
3464 3417 3747 3519 rigente
3824 3416 4547 3519 resupinato-effuso.

1507 3561 1828 3638 superne
1901 3534 2226 3638 margine
2299 3534 2732 3611 brevissime
2794 3535 3084 3611 reflexo
3156 3530 3420 3611 villoso
3485 3561 3727 3610 azono
3800 3544 4269 3625 canescente,
4353 3537 4551 3640 poris

1392 3650 1399 3658 ’
1505 3654 1788 3732 tenellis
1834 3651 2335 3754 inaequalibus
2383 3653 2642 3743 acutis,
2711 3653 3011 3730 demum
3076 3650 3465 3756 elongatiS,
3518 3654 3742 3759 vulgo
3800 3653 4116 3757 obliquis
4166 3654 4398 3731 latere
4446 3653 4551 3731 hi-

1385 3846 1390 3851 ,
1506 3772 1821 3859 autibus,
1876 3770 2367 3874 griseofuscis.

1602 3919 1689 3995 In
1741 3916 2079 3992 Carolina
2126 3915 2420 3992 australi
2465 3916 2800 3991 Ravenal.
2899 3914 3256 3992 Miserunt
3313 3917 3556 3993 Cur-tie
3613 3924 3687 3993 et
3746 3920 4197 3995 Tuckerman.

1604 4062 1839 4165 Saepe
1899 4067 2168 4138 omnino
2221 4063 2679 4162 resupinatus,
2730 4059 2856 4134 sed
2904 4063 2969 4133 in
3026 4063 3508 4161 speciminibus
3559 4062 3880 4162 perfectis
3937 4092 4173 4165 margo
4243 4068 4555 4166 superior

1500 4182 1590 4258 ad
1640 4191 1825 4257 2—3
1879 4183 1984 4256 lin.
2008 4183 2333 4271 reflexus,
2369 4208 2499 4282 pro
2534 4206 2724 4257 more
2747 4206 2923 4279 vage
2976 4192 3046 4255 et
3095 4181 3406 4255 obsolete
3462 4184 3890 4258 concentrice
3943 4184 4258 4258 sulcatus.
4368 4181 4560 4258 Sub-

1502 4305 1742 4375 stantia
1791 4303 2042 4390 tenuis,
2093 4327 2514 4404 papyracea,
2562 4292 2808 4397 rigida,
2859 4310 3067 4371 strato
3136 4299 3534 4375 intermedio
3617 4305 4011 4376 tenuissimo
4092 4301 4552 4391 fuscescente,

1504 4419 1630 4495 sed
1675 4421 1770 4495 ob
1822 4446 2070 4520 poros,
2116 4421 2486 4521 praecipue
2549 4417 2901 4518 obliquos,
2953 4416 3309 4515 elongatos
3365 4419 3586 4518 pileus
3641 4422 4128 4495 crassiusculus
4186 4434 4255 4495 et
4306 4420 4551 4494 firmus.

1484 4537 1654 4612 Pori
1703 4542 1770 4613 in
1834 4552 2009 4613 statu
2058 4541 2290 4641 typico
2343 4535 2616 4611 rotundi
2674 4548 2744 4609 et
2799 4537 3039 4635 integri
3085 4564 3237 4610 raro
3299 4550 3688 4627 occurrunt,
3746 4540 3953 4638 vulgo
4006 4567 4046 4616 e
4098 4541 4227 4613 situ
4274 4541 4545 4640 obliquo

1494 4659 1856 4744 imbricati‚
1909 4657 2201 4757 elongati
2251 4668 2320 4730 et
2370 4655 2725 4729 lateraliter
2787 4655 2908 4728 toti
2969 4653 3246 4728 hiantes.
3358 4652 3683 4728 Formam
3733 4657 3820 4730 P.
3876 4658 4113 4732 Onisct'
4160 4656 4551 4731 simillimam

1486 4773 1674 4849 dedit
1730 4773 1975 4849 Curtis.
2085 4771 2154 4848 A
2201 4774 2286 4846 P.
2332 4770 2740 4846 Lindbladii
2790 4768 3155 4873 (Svecico)
3222 4770 3459 4860 Berk.,
3508 4800 3661 4847 cum
3711 4802 3847 4876 quo
3902 4777 3990 4850 ab
4039 4774 4352 4852 Auctore
4398 4779 4549 4878 ipso

1479 4895 1806 4992 jungitur,
1863 4904 2045 4967 certe
2099 4892 2406 4965 diversus
2464 4904 2587 4966 est.

1409 5040 1442 5073 ⁶
1491 5038 1614 5113 Ex
1664 5036 1803 5114 hac
1853 5037 2160 5142 regione
2212 5040 2300 5112 P.
2348 5039 2649 5112 scabris
2699 5046 2774 5113 et
2827 5040 2919 5111 P.
2976 5034 3338 5111 unubrinus
3386 5033 3619 5139 Fung.
3674 5032 3830 5112 Nat.
3885 5063 3956 5140 p.
4012 5046 4126 5128 ⁴2,
4179 5045 4281 5115 ⁴3.

1298 5200 1399 5270 30.
1505 5192 1585 5268 Ρ.
1642 5191 2041 5293 (Srm’offl)
2094 5213 2510 5279 consuens,
2577 5189 2774 5292 pileo
2842 5188 3185 5265 coriaceo
3262 5189 3857 5295 radiato-rugoso
3934 5189 4552 5295 serrugmeo-um-

1496 5310 1745 5400 brino,
1807 5334 2066 5386 versus
2114 5308 2522 5413 marginem
2575 5306 2899 5384 albidum
2949 5307 3253 5400 fibroso,
3309 5307 3607 5385 demum
3653 5309 3984 5414 glabrato
4051 5310 4515 5416 nigrescente
4528 5367 4548 5397 ,
