4984 6517
1387 591 1572 678 100

1471 820 1596 881 tur.
1699 806 1869 881 Pori
1916 807 2299 904 majusculi,
2351 808 2609 880 variant
2650 803 3047 878 subrotundi
3095 802 3502 906 (Trametis)
3554 814 3625 877 et
3673 803 3968 906 elongati
4003 805 4260 879 sinuosi
4303 803 4522 904 (Dae-

1473 927 1776 1029 daleae);
1827 929 1895 1001 in
1944 923 2315 1002 Mexicano
2368 953 2537 1001 vero
2591 924 2886 1024 elongati
2936 926 3120 999 recti.

1570 1069 1797 1144 Priori
1847 1070 2136 1170 analoga
2192 1081 2323 1156 est,
2408 1080 2476 1141 at
2549 1066 2911 1142 admodum
2988 1066 3325 1155 distincta,
3403 1068 3501 1140 D.
3557 1095 3838 1168 serpens
3918 1071 4299 1168 (utriusque
4374 1072 4524 1143 icon

1476 1189 1668 1263 adest
1713 1193 1780 1264 in
1832 1188 2020 1263 Mus.
2072 1185 2512 1287 Holmiensi).
2624 1185 2742 1260 Ad
2798 1185 2974 1258 hanc
3028 1187 3320 1285 pertinet
3397 1188 3482 1258 P.
3539 1186 3929 1287 Scapham-ii
3978 1184 4222 1261 Berk.!
4303 1183 4523 1286 Hujus

1475 1308 1692 1381 forma
1740 1335 1869 1409 per
1920 1310 2210 1382 cortices
2263 1334 2660 1406 erumpens,
2729 1308 2949 1406 primo
3017 1304 3381 1390 nodulosa‚
3436 1305 3589 1378 dein
3645 1333 3943 1405 expansa
3995 1308 4393 1406 marginata;
4458 1310 4520 1381 in

1470 1429 1672 1501 ramis
1721 1426 2147 1499 decorticatis
2202 1427 2401 1499 obvia
2455 1424 2698 1511 effusa,
2749 1428 3241 1524 immarginata,
3295 1436 3477 1498 arcte
3529 1423 3785 1497 adnata.
3890 1423 4073 1498 Illius
4126 1429 4278 1526 pori
4326 1423 4517 1500 Dae-

1471 1545 2000 1632 daleo-sinuosi,
2052 1545 2251 1642 hujus
2304 1541 2705 1618 subrotundi
2759 1539 3117 1617 Trametis.
3222 1540 3419 1618 Haec
3471 1556 3611 1617 tota
3639 1544 4182 1644 albido-pallens,
4236 1570 4366 1618 nec
4403 1571 4520 1617 co·

1471 1663 1685 1738 lorem
1747 1676 1973 1736 mutat.

2312 1803 2782 1879 anseons.
2888 1801 3130 1903 Epicr.
3185 1827 3255 1903 p.
3312 1803 3480 1876 496.

1562 1939 1823 2018 Habitu
1874 1941 2179 2014 facillime
2231 1945 2653 2041 recognitum
2703 1970 2955 2043 genus,
3009 1943 3133 2017 sed
3181 1968 3504 2041 pororum
3555 1940 3766 2013 forma
3819 1942 4026 2012 variat
4052 1943 4248 2014 etiam
4279 1941 4522 2014 subro-

1470 2061 1694 2133 tunda.
1801 2059 2251 2160 Dignoscitur
2302 2064 2505 2161 igitur
2554 2066 2978 2162 potissimum
3046 2062 3322 2135 alveolis
3363 2068 3525 2156 jam
3586 2070 3933 2159 primitus
3986 2085 4204 2158 aeque
4253 2060 4524 2158 amplis,

1471 2179 1599 2252 sub
1645 2182 1881 2277 genesi
1926 2180 2682 2280 reticulato-contiguis,
2738 2184 3005 2280 apertis.
3125 2178 3243 2253 Ob
3304 2180 3685 2278 specierum
3752 2205 4102 2251 numerum
4155 2176 4519 2251 admodum

1472 2311 1770 2386 auctum,
1825 2301 2161 2372 sectiones
2212 2297 2616 2399 Epicriseos
2675 2312 3013 2399 tamquam
3066 2301 3277 2374 tribus
3329 2323 3721 2398 proponere
3773 2324 4058 2372 necesse
4112 2308 4233 2370 est.

1999 2481 2198 2558 Trib.
2250 2484 2304 2558 1.
2409 2484 2505 2559 H.
2555 2508 2878 2575 mann,
2933 2485 3130 2587 pileo
3186 2486 3777 2563 setoso-fibroso.

1563 2622 1656 2697 H.
1708 2620 1753 2696 l.
1807 2620 2048 2721 Epicr.
2101 2646 2169 2695 n.
2235 2622 2462 2708 1-4,
2510 2623 2605 2694 Η.
2663 2626 2983 2699 aculeata
3032 2622 3297 2712 Mont.‚
3351 2628 3445 2700 H.
3501 2641 3801 2725 setigera
3852 2628 3972 2703 Fr.
4028 2627 4220 2702 ined.
4279 2636 4415 2702 etc.

1273 2770 1335 2841 1.
1464 2764 1556 2839 H.
1613 2762 1979 2839 Wmmu.
2038 2759 2436 2862 (Klotsch.)
2480 2762 2721 2862 Epicr.
2769 2789 2840 2862 p.
2902 2765 3070 2839 469.
3145 2768 3330 2867 (nou
3380 2764 3774 2870 Wrightii.)

1570 2904 1692 2977 Ex
1750 2899 1956 2975 India
2008 2899 2338 2975 orientali
2388 2927 2431 2975 a
2481 2901 2702 2976 variis
2751 2911 3134 3004 reportata.

1568 3045 1878 3121 Alveolis
1923 3048 2100 3119 intus
2154 3047 2400 3119 setosis
2451 3044 2624 3119 haec
2680 3057 2750 3120 et
2795 3046 2889 3118 H.
2943 3047 3242 3143 Ko‘nigii
3289 3042 3500 3122 Berk.
3555 3052 3641 3123 ab
3697 3053 4009 3126 omnibus
4080 3054 4523 3152 sequentibus

1470 3167 2040 3250 distinctissimae,
2098 3162 2224 3237 sed
2280 3162 2367 3236 ad
2415 3164 2551 3237 hoc
2602 3191 2819 3264 genus
2868 3191 3143 3265 quoque
3196 3166 3552 3243 referatur:

1362 3313 1395 3346 '¹'
1446 3309 1537 3385 H.
1595 3310 1957 3384 Smnns1s.
2064 3304 2305 3407 Epicr.
2361 3331 2431 3407 p.
2482 3307 2633 3380 489
2690 3304 2827 3380 sub
2882 3306 3123 3380 Tram.

1562 3448 1856 3523 Habitus
1903 3474 2186 3548 prorsus
2250 3449 2494 3546 prioris
2549 3450 2766 3544 (selae
2816 3473 2982 3520 vero
3032 3447 3337 3545 desunt),
3411 3475 3543 3523 nec
3607 3448 3699 3522 ob
3766 3448 4066 3522 alveolos
4130 3448 4349 3549 magis
4401 3478 4509 3525 ro·

1468 3567 1782 3641 tundatos
1834 3592 2089 3665 genere
2137 3578 2516 3650 moveatur,
2570 3578 2646 3638 ut
2694 3566 2925 3664 plures
2978 3569 3313 3640 recentius
3367 3566 3673 3640 detectae
3727 3571 3995 3668 species
4046 3569 4312 3643 docent.

1260 3714 1328 3787 2.
1462 3711 1555 3785 H.
1609 3731 2049 3786 cammunti.
2157 3707 2399 3808 Epicr.
2454 3731 2525 3807 p.
2582 3706 2753 3780 496.
2851 3708 2973 3782 Tr.
3030 3736 3294 3782 crassa.
3345 3705 3678 3782 Leveill.!
3729 3707 3924 3783 Anu.
3958 3707 4074 3782 Sc.
4109 3707 4262 3785 Nat.
4297 3708 4513 3785 1845.

1467 3829 1520 3903 Ι.
1585 3827 1917 3903 varietas..

1565 3975 1651 4049 In
1700 3973 1990 4049 Guinea
2039 3971 2333 4078 (Afzel.
2390 3984 2471 4046 ic.
2501 3974 2588 4069 f.
2645 3971 2802 4076 10),
2850 3973 2944 4047 ad
2993 3980 3285 4075 portum
3334 3971 3537 4049 Natal
3596 3970 3899 4072 copiose
3943 3972 4233 4077 (Fung.
4268 3972 4516 4077 Nau),

1459 4095 1534 4170 in
1588 4091 2066 4193 Madagascar
2117 4089 2361 4195 (Mus.
2416 4090 2654 4194 Par.)

1564 4238 1801 4312 Pileus
1850 4235 2134 4324 sessilis,
2187 4238 2454 4337 postice
2509 4234 3122 4321 scutato-adnatus‚
3206 4235 3747 4321 semicircularis,
3805 4235 4513 4337 suberoso-lignosus,

1462 4359 1643 4433 haud
1695 4356 2057 4430 admodum
2107 4383 2378 4430 crassus
2423 4358 2567 4448 (vix
2618 4359 2654 4454 ἐ
2703 4359 2918 4454 unc.)‚
2968 4357 3278 4453 utrinque
3332 4352 3820 4454 planiusculuS,
3867 4357 4235 4453 marginem
4265 4356 4508 4455 (saepe

1457 4475 2213 4575 undulato-lobulatum)
2283 4501 2525 4548 versus
2576 4487 2983 4560 attenuatus,
3062 4472 3483 4571 fusco-niger
3535 4473 3574 4544 l.
3628 4475 3899 4544 omnino
3978 4484 4151 4561 ater,
4227 4500 4512 4561 azonus,

1463 4598 1624 4670 setis
1682 4594 2046 4666 admodum
2097 4593 2360 4692 rigidis,
2413 4593 2583 4665 ultra
2631 4593 2869 4666 lineam
2917 4591 3135 4689 longis
3181 4591 3786 4692 (aculeiformibus)
3831 4604 4204 4665 antrorsum
4237 4592 4511 4666 decum-

1464 4714 1780 4789 bentibus
1832 4711 2568 4811 adscendentibusque,
2640 4714 2892 4810 passim
2968 4711 3283 4795 ramosis,
3347 4722 3802 4809 exasperatus.
3913 4708 4291 4784 Contextus
4346 4711 4509 4783 floc-

1465 4861 1703 4920 cosus,
1754 4844 2180 4931 compactus.
2229 4832 2523 4905 obscure
2576 4828 3015 4927 ferrugineus.
3119 4824 3391 4900 Alveoli
3444 4828 3679 4927 ampli,
3733 4855 3772 4902 e
3819 4828 4240 4902 subrotundo
4272 4829 4507 4901 4-6-

1462 4954 1653 5052 goni,
1703 4951 1905 5023 2—3
1958 4951 2065 5023 lin.
2118 4948 2463 5050 profundi,
2520 4951 2697 5022 intus
2760 4947 2847 5021 ad
2916 4947 3120 5021 latera
3185 4946 3944 5047 cinnamomeo·pallid1,
4012 4950 4251 5046 pruina
4316 4950 4506 5046 quasi

1463 5071 2009 5170 glaucescenteS,
2083 5069 2580 5166 dissepimentis
2650 5068 2924 5153 crassis,
2977 5091 3096 5139 ore
3160 5065 3344 5138 nudo
3397 5068 3819 5165 nigricantes.
3900 5109 3994 5122 -
4083 5066 4207 5138 Tr.
4260 5092 4505 5138 crassa

1460 5187 1665 5264 Lem!
1718 5200 1987 5275 nostro,
2037 5200 2112 5259 ut
2163 5213 2366 5258 ovum
2421 5212 2588 5273 ovo,
2641 5185 2997 5271 simillima,
3050 5194 3118 5255 at
3160 5182 3357 5257 valde
3423 5185 3772 5282 singularis
3839 5184 4116 5258 alveolis
4181 5210 4390 5282 saepe
4442 5186 4507 5257 in

1463 5311 1736 5383 lacunas
1785 5309 2108 5383 lineareas
2161 5306 2522 5405 elongatis,
2572 5306 2777 5377 immo
2831 5303 3354 5390 sublamellosis,
3403 5305 3779 5402 protractis.
