4984 6517
1410 548 1593 636 284

3276 764 3403 837 Ka

1580 867 1657 932 et
1706 858 2090 954 Argmam
2158 904 2215 929 =
2283 857 2520 961 [(Με
2574 870 2650 951 ÷
2699 861 2868 964 Aq)
2919 861 3004 935 Si
3057 866 3170 950 ’ψ
3274 772 3450 1062 ga}
3510 866 3596 939 Si
3654 865 3722 966 ²]
3775 874 3855 956 ψ
3907 864 4016 937 A!
4067 864 4156 939 Si
4220 870 4270 951 ²,

3333 995 3382 1038 a

1289 1086 1412 1188 qui
1465 1079 1831 1158 constituit
1857 1076 2220 1152 Schistum
2276 1074 2737 1194 argillaceum
2793 1076 3263 1176 primitivum,
3332 1105 3432 1154 ex
3486 1105 3630 1181 quo
3688 1078 3984 1154 ductum
4040 1087 4151 1154 est
4204 1079 4562 1179 nomen.⁰)

1604 1263 2055 1344 Examinatis
2126 1287 2171 1335 a
2234 1259 2600 1336 Chemicis
2681 1259 2945 1337 Schisti
3023 1265 3392 1366 argillacei
3473 1266 3864 1365 speciebus
3933 1277 4394 1366 compertum
4451 1280 4560 1342 est
4689 1319 4697 1331 ·

1286 1412 1564 1465 massas
1640 1406 1899 1458 eorum
1951 1378 2520 1453 fundamentales
2575 1402 2743 1454 esse
2788 1379 3117 1457 diversae
3171 1382 3562 1458 Chemicae
3622 1383 4182 1481 conjunctioniS,
4249 1408 4554 1483 quarum

1282 1628 1634 1681 vocamus
1660 1627 1844 1686 eam,
1873 1623 2063 1701 quae
2092 1596 2290 1672 estin
2319 1596 2602 1673 Schisto
2645 1599 3088 1674 bituminoso
3136 1601 3645 1699 Orthqselziten
3689 1649 3748 1673 2
3791 1505 4073 1812 ἔὲἔδι·
4089 1611 4201 1696 ³4-
4228 1602 4485 1679 5AIS2·
4501 1609 4547 1688 ³,

3853 1734 3900 1778 a

1279 1825 1449 1928 quia
1519 1831 1634 1897 est
1700 1821 2006 1893 densum
2059 1826 2134 1889 et
2204 1818 2417 1916 plane
2481 1813 2918 1890 schistosum
2987 1815 3406 1905 Orthoclas,
3488 1843 3833 1919 eamque,
3917 1848 4107 1924 quae
4178 1817 4541 1895 constituit

1277 1942 1641 2017 Schistum
1715 1936 2177 2038 argillaceum
2225 1933 2417 2007 ferro
2466 1933 2764 2007 tinctum
2843 1958 2991 2008 non
3042 1933 3582 2023 bituminosum,

2051 2051 2385 2125 Thoniten
2442 2098 2499 2121 ἶ
2571 2055 2710 2147 Mg
2762 2052 2846 2124 Si
2897 2063 2974 2144 -l-
3026 2080 3083 2124 αι·
3134 2055 3242 2127 Al
3285 2056 3369 2128 Si
3437 2073 3498 2146 †-
3552 2057 3686 2155 Aq.

1578 2229 1743 2304 Hae
1824 2221 2216 2297 Chemicae
2295 2221 2594 2320 originis
2663 2221 3142 2297 deductiones
3207 2223 3366 2299 sine
3432 2224 3659 2300 dubio
3712 2249 3858 2299 una
3922 2248 4090 2300 cum
4168 2227 4358 2298 notis
4411 2249 4542 2299 ex·

1267 2347 1493 2422 ternis
1544 2342 1957 2442 specierum
2008 2337 2223 2412 nobis
2269 2349 2481 2413 erunt
2532 2363 2841 2440 magnae
2875 2340 3144 2415 utilitati
3170 2341 3600 2416 conantibus
3635 2342 4047 2442 diligentius
4082 2340 4536 2416 characteres

1266 2463 1681 2564 specierum
1756 2457 2082 2541 definire,
2158 2455 2233 2528 in
2286 2480 2429 2554 quo
2481 2461 2864 2530 conamine
2918 2463 3219 2532 omnino
3275 2483 3425 2536 non
3479 2468 3623 2533 tam
3676 2460 3912 2557 agitur
3961 2460 4051 2534 de
4103 2459 4317 2533 novis
4365 2482 4529 2557 spe-

1267 2579 1522 2678 ciebus
1573 2574 1926 2660 creandis,
1978 2597 2196 2673 quam
2244 2571 2339 2645 de
2390 2572 2497 2659 iis,
2559 2598 2749 2674 quae
2799 2574 3013 2648 nobis
3062 2587 3280 2650 notae
3329 2584 3535 2662 sunt,
3586 2586 3923 2652 accurate
3979 2575 4520 2676 percensendis.

1264 2695 1780 2796 Unusquisque
1848 2692 2041 2765 enim
2097 2690 2371 2789 peritus
2424 2692 2905 2792 Geognosiae
2963 2692 3200 2766 cultor
3237 2697 3392 2789 jam
3448 2694 3572 2767 diu
3630 2705 3839 2769 notas
3886 2694 4026 2769 sibi
4068 2692 4317 2768 habuit
4343 2695 4522 2767 Gra-

1261 2814 1444 2890 nitas
1512 2813 1845 2886 diversae
1906 2808 2357 2882 formationis
2412 2807 2894 2910 diversaeque
2953 2811 3245 2896 aetatiS,
3299 2810 3434 2885 sed
3488 2812 3833 2912 quamdiu
3888 2818 4044 2885 erat
4093 2811 4164 2884 ei
4211 2833 4517 2884 necesse

1261 2929 1698 3013 concedere,
1755 2952 1920 3002 esse
1975 2951 2109 3000 eos
2161 2951 2204 2998 e
2262 2924 2577 3010 mineris,
2635 2950 2824 3024 quae
2878 2952 3015 3026 pro
3072 2926 3331 3000 iisdem
3371 2926 3829 3015 haberentur,
3879 2932 4341 3024 conjunctos.
4372 2951 4516 3000 non

1257 3054 1544 3147 poterat
1587 3071 1721 3120 eos
1772 3043 2237 3144 distinguere,
2291 3043 2425 3117 sed
2480 3041 2751 3116 eodem
2802 3069 3101 3143 semper
3160 3045 3452 3118 nomine
3482 3044 3906 3145 appellabat.
3968 3048 4184 3122 Certe
4222 3043 4515 3145 quidem

1261 3172 1648 3267 potuerant
1701 3161 2040 3262 distingui
2092 3160 2165 3235 in
2217 3159 2420 3234 libris
2478 3158 2796 3259 epitheto
2852 3159 3095 3261 aliquo
3157 3161 3469 3258 adjectO,
3510 3162 3713 3261 quod
3764 3162 4206 3263 signiticaret
4244 3161 4510 3234 forma·

1260 3283 1567 3367 tionem,
1651 3280 1725 3353 in
1790 3304 1931 3379 qua
2002 3286 2426 3351 occurreret
2490 3277 2815 3376 species;
2892 3277 2988 3351 ita
3063 3303 3217 3351 non
3293 3286 3484 3353 tanta
3534 3278 3869 3353 confusio
3921 3278 4192 3353 fuisset.
4303 3277 4509 3351 Multi

1258 3422 1556 3500 quoque
1604 3396 1748 3470 hoc
1791 3394 2122 3468 fecerunt
2172 3394 2498 3494 ideoque
2544 3419 2773 3494 opera
2826 3420 2958 3469 sua
3009 3395 3084 3470 in
3139 3419 3360 3470 omne
3414 3406 3702 3494 tempus
3769 3396 3960 3497 utilia
4009 3394 4502 3480 reddiderunt,

1253 3514 1370 3590 alii
1422 3540 1603 3590 vero
1657 3514 2079 3587 omiserunt.

1545 3659 2295 3738 Animadvertendum
2351 3671 2462 3736 est
2509 3660 2718 3748 illud,
2779 3661 2984 3761 quod
3034 3663 3323 3760 species
3379 3662 3825 3762 complureS,
3888 3687 4079 3764 quae
4132 3661 4496 3738 characte-

1128 3864 1133 3870 ,
1246 3781 1448 3855 ribus
1491 3790 1801 3881 possunt
1848 3778 2207 3878 distingui,
2262 3776 2534 3852 eodem
2586 3777 2885 3851 nomine
2939 3787 3333 3876 potuerunt
3388 3778 3934 3880 comprehendi,
3985 3805 4084 3854 ex
4126 3805 4275 3882 quo
4305 3788 4497 3880 patet

1244 3923 1412 3972 esse
1490 3898 1800 3997 aliquam
1855 3905 2135 3980 notam,
2212 3918 2401 3994 quae
2448 3893 2541 3968 ad
2595 3903 2823 3968 totum
2873 3918 3109 3995 genus
3165 3897 3552 3993 pertineat;
3636 3922 3825 3998 quae
3872 3922 3994 3971 res
4042 3898 4118 3972 in
4170 3897 4243 3972 id
4294 3895 4493 3970 adhi-

1254 4013 1500 4108 benda
1560 4023 1688 4100 est,
1745 4020 1823 4086 ut
1868 4012 1941 4085 in
1998 4009 2371 4110 Orologia,
2426 4011 2611 4086 sicut
2654 4011 2723 4085 in
2767 4012 2922 4086 aliis
2975 4021 3275 4087 naturae
3318 4015 3635 4088 scientiis
3672 4015 4039 4089 sectiones
4078 4014 4196 4089 vel
4224 4013 4492 4088 classes

1241 4138 1315 4204 et
1389 4155 1665 4232 genera
1714 4131 1905 4214 fiant,
1983 4136 2062 4202 ut
2108 4127 2386 4203 facilius
2447 4129 2954 4204 examinandis
3007 4130 3198 4204 notis
3255 4133 3566 4231 propriis
3619 4132 3851 4231 possit
3899 4133 4062 4207 saxi
4129 4136 4486 4232 cujusque

1242 4248 1448 4322 locus
1510 4248 1583 4322 in
1633 4256 2032 4348 systemate
2085 4246 2422 4345 reperiri;
2506 4257 2885 4347 praeterea
2939 4248 3107 4349 quia
3161 4248 3554 4324 similitudo
3602 4249 3758 4324 aliis
3804 4249 3877 4323 in
3925 4249 4153 4325 rebus
4207 4273 4482 4323 nexum

1237 4365 1310 4439 in
1360 4365 1515 4440 aliis
1564 4366 1806 4451 efficit,
1859 4364 2018 4445 talis
2072 4363 2480 4440 distributio
2530 4367 2622 4440 ad
2671 4390 2829 4439 rem
2884 4365 3296 4440 universam
3353 4391 3500 4439 uno
3554 4366 3805 4441 intuitu
3884 4365 4477 4467 conspiciendam

1233 4485 1567 4559 conferet
1613 4484 2025 4584 plurimum.
2132 4484 2337 4557 Patet
2388 4508 2554 4558 esse
2607 4508 2915 4557 necesse
2974 4480 3432 4558 characteres
3497 4508 3957 4571 communeS,
4026 4484 4150 4584 qui
4201 4483 4483 4582 possint

1232 4600 1326 4674 ad
1376 4602 1594 4676 talem
1647 4601 1983 4675 classium
2027 4600 2592 4701 descriptionem
2639 4598 2999 4685 adhiberi,
3055 4610 3471 4675 constantes
3534 4626 3702 4675 esse
3775 4626 4149 4702 quumque
4223 4600 4478 4674 sunda-

1231 4719 1563 4795 mentalis
1614 4718 1958 4792 materiae
2008 4717 2399 4792 similitudo
2452 4717 2611 4791 talis
2655 4717 2762 4801 sit,
2818 4716 3001 4790 haec
3047 4717 3142 4790 ad
3199 4717 3472 4792 classes
3509 4718 4054 4793 constituendas
4100 4717 4322 4803 valet;
4379 4717 4476 4792 ita

1225 4835 1409 4910 fiunt
1474 4860 1657 4909 saxa
1730 4834 2179 4934 Feldspathi,
2259 4834 2493 4909 Calcis
2549 4832 2669 4907 vel
2724 4834 2999 4924 Quarzi
3049 4844 3198 4920 etc;
3273 4833 3457 4908 haec
3508 4842 3750 4909 autem
3804 4834 4111 4910 diversis
4159 4835 4346 4910 inter
4386 4858 4471 4909 se

1224 4952 1614 5052 speciebus
1669 4950 2107 5052 Feldspathi,
2161 4952 2395 5026 Calcis
2446 4959 2583 5025 etc.
2641 4957 2991 5037 constant,
3038 4976 3139 5026 ex
3189 4951 3454 5051 quibus
3503 4976 3778 5053 genera
3806 4952 4370 5039 constituuntur,
4401 4960 4475 5026 et

1427 5146 1472 5205 ·)
1543 5140 1847 5193 Nonnullae
1884 5140 2153 5210 Analyses
2192 5137 2249 5190 L.
2287 5138 2601 5210 Svanbergii
2636 5139 2689 5191 in
2728 5140 2861 5191 actis
2897 5139 3222 5193 Academiae
3261 5141 3516 5193 scientiae
3551 5139 3856 5211 publicatae
3901 5147 4054 5204 sunt,
4109 5140 4243 5193 uliae
4290 5149 4466 5194 autem

1218 5226 1465 5279 ineditae.
1524 5226 1664 5279 Sunt
1726 5237 1902 5277 autem
1957 5225 2057 5276 hac
2112 5225 2181 5276 ab
2217 5225 2307 5277 illo
2343 5226 2574 5296 benigne
2619 5225 2776 5276 nobis
2815 5227 3237 5278 communicatae
3263 5227 3378 5297 Jam
3415 5237 3555 5291 tum,
3609 5243 3770 5296 quum
3808 5226 3980 5281 adhuc
4016 5227 4070 5280 in
4105 5243 4207 5280 sua
4241 5234 4468 5298 uterque

1215 5313 1441 5366 scientia
1477 5313 1749 5365 materiam
1785 5328 2013 5382 mappae
2049 5309 2467 5382 Geognosticac,
2505 5328 2643 5381 quae
2679 5328 2805 5363 mox
2841 5310 2894 5362 in
2929 5311 3121 5383 vulgus
3156 5312 3412 5383 prodibit,
3447 5321 3816 5365 tractaremus,
