4984 6517
1516 568 1687 656 228

1707 781 1836 858 Ad
1889 792 2157 860 terram
2200 788 2416 884 juxta
2458 786 2805 880 Mirador,
2866 791 3190 874 Mexico.
3244 798 3648 878 Liebmanm

1713 925 2140 1004 Cantharello
2198 932 2448 1005 cibario
2517 934 2745 1025 affinis,
2801 938 2927 1013 sed
2978 954 3112 1015 tam
3165 945 3527 1036 coloribus,
3606 975 3804 1050 quam
3883 953 4150 1029 lamellis
4226 968 4549 1060 angustiori-

1594 1045 1746 1133 bus,
1798 1047 2258 1133 strictioribus,
2336 1074 2536 1149 quam
2614 1058 2905 1192 omnium
2981 1063 3267 1160 partium
3340 1067 3573 1202 colo-re
3659 1068 4202 1207 distinctissimus.
4315 1075 4430 1154 Hic
4488 1086 4552 1160 ad

1598 1284 1790 1356 color
1844 1295 1966 1371 est,
2021 1285 2145 1359 sed
2203 1285 2478 1361 lamellis
2551 1291 3034 1389 praeformatis,
3113 1301 3377 1387 strictis,
3452 1313 3660 1377 trama
3732 1307 4079 1383 manifesta
4153 1310 4549 1416 heterogena,

1603 1404 1973 1476 certissime
2025 1400 2395 1491 distinctus,
2444 1433 2575 1481 nec
2629 1436 2764 1483 non
2816 1418 3113 1514 margine
3169 1418 3327 1517 pilei
3378 1423 3577 1508 tenui,
3630 1437 3863 1511 acuto,
3916 1439 3990 1499 ut
4033 1429 4209 1502 nullo
4254 1435 4426 1509 modo
4453 1439 4556 1512 cla-

1599 1532 1792 1594 vatus
1844 1519 1975 1594 dici
2025 1534 2271 1622 potest.
2374 1520 2612 1625 Stipes
2667 1530 2745 1627 1}
2792 1556 2940 1605 unc.
2994 1534 3261 1634 longus,
3314 1535 3561 1612 firmus.
3663 1537 3898 1617 Pileus
3959 1547 4038 1643 1}
4083 1572 4229 1621 unc.
4278 1550 4438 1627 latus.

1401 1730 1467 1797 8.
1598 1722 2063 1797 Pommonus
2120 1722 2577 1823 (manoe.)
2626 1748 3001 1818 ATRATUS,
3055 1730 3248 1831 pileo
3299 1732 3497 1811 lento
3550 1739 3748 1814 tenui
3800 1741 4172 1819 reniformi
4218 1744 4553 1828 sublaterali

1599 1837 1851 1942 glabro
1905 1838 2265 1927 aterrimo,
2316 1865 2575 1916 versus
2628 1844 3028 1947 marginem
3071 1858 3361 1927 acutum
3402 1851 4090 1963 fibrilloso-virgato,
4133 1861 4350 1963 stipite
4390 1879 4547 1945 curto

1599 1957 1798 2033 tenui
1849 1955 2271 2032 excentrico
2321 1959 2759 2058 punctulato,
2837 1964 3041 2063 poris
3118 1966 3428 2046 minimis
3505 1972 3779 2074 stipatis
3856 1977 4158 2080 obtusis⁸
4206 1984 4554 2083 aequalibus

1601 2072 1972 2151 umbriniS.

1696 2222 1825 2298 Ad
1869 2219 2198 2296 Mirador
2240 2222 2316 2297 in
2365 2225 2657 2301 truncisss
2706 2226 3112 2304 Liebmann.

1697 2368 1912 2442 Forte
1967 2395 2145 2442 mera
2199 2374 2484 2445 varietas
2538 2372 2624 2445 P.
2699 2376 3076 2469 infernalis
3122 2375 3210 2451 Β.
3266 2376 3502 2481 Stipes
3555 2386 3602 2458 4
3655 2386 3760 2461 lin.
3814 2388 4078 2489 longus,
4167 2397 4240 2491 13
4288 2393 4383 2467 lin.
4428 2422 4558 2468 cras·

1601 2516 1752 2575 sus,
1798 2487 2124 2587 aequalis,
2171 2487 2346 2561 udus
2397 2491 2620 2589 niger,
2675 2493 2896 2566 siccus
2950 2498 3493 2588 cano-irroratus,
3549 2530 3587 2575 a
3641 2509 3828 2605 poris
3878 2507 3964 2581 ad
4012 2508 4339 2583 dimidium
4376 2512 4555 2585 decur-

1603 2607 1899 2680 rentibus
1958 2608 2194 2680 subtus
2249 2609 2511 2706 apicem
2556 2635 2793 2684 versus
2841 2613 3112 2711 gibbus.
3213 2613 3450 2693 Pileus
3503 2626 3987 2715 tenacissimus,
4041 2624 4433 2728 applanatus,
4484 2658 4551 2702 su-

1595 2752 1718 2824 pra
1770 2726 2009 2824 stipitis
2062 2726 2489 2798 insertionem
2532 2728 2700 2825 (1-2
2756 2729 2861 2802 lin.
2918 2758 2957 2803 a
3010 2737 3306 2832 margine
3360 2736 3747 2841 distantem)
3800 2745 4236 2820 umbilicatus.
4302 2745 4447 2821 Pori
4470 2775 4552 2847 pro

1596 2846 1849 2917 ratione
1900 2841 2232 2940 profundi,
2279 2842 2642 2917 admodum
2695 2849 2936 2948 stipati,
3009 2852 3191 2924 nudo
3266 2856 3466 2928 oculo
3547 2886 3678 2932 non
3760 2868 4133 2963 conspicui.
4250 2864 4557 2939 contextu»

1595 2987 1866 3060 quoque
1915 2960 2199 3033 affinium
2257 2963 2630 3050 obscurior,
2680 2964 3460 3066 ferrugineo-umbrinus.

1397 3148 1464 3223 9.
1593 3149 2113 3223 Pousnc‘rus
2163 3170 2522 3225 Pms1wS.
2628 3143 2871 3251 Epicr.
2928 3178 2997 3252 p.
3046 3155 3214 3230 479.

1695 3295 1807 3371 Ex
1854 3300 1978 3372 ins.
2028 3295 2133 3371 St.
2186 3295 2499 3374 Thomae
2543 3299 2736 3375 adest
2783 3305 3070 3380 varietas
3143 3307 3379 3394 minor,
3450 3306 3626 3383 sorte
3692 3309 3930 3406 junior,
4013 3309 4195 3408 pileo
4269 3308 4563 3384 effinse-re·

1600 3415 1797 3503 flexo,
1849 3415 2079 3489 habitu
2129 3415 2355 3490 Sterei
2399 3416 2661 3493 hirsuti
2710 3432 2779 3494 et
2842 3421 2930 3495 ad
2978 3423 3066 3495 P.
3122 3441 3449 3499 sonatum
3508 3425 3874 3516 accedens,
3958 3428 4087 3502 sed
4162 3427 4407 3502 diversa
4449 3427 4567 3527 pilei

1596 3533 1858 3607 flaccidi
1905 3536 2240 3623 tenuitate,
2292 3538 2481 3636 poris
2527 3539 2912 3636 majusculis
2963 3537 3434 3642 inaequalibus
3486 3545 3673 3633 albis,
3700 3547 3882 3644 fere
3929 3546 4293 3621 ochraceis.

1400 3736 1510 3807 10.
1591 3731 1960 3808 FAvoms
2029 3749 2545 3813 nummus,
2625 3725 2826 3828 pileo
2901 3725 3241 3803 coriaceo
3318 3728 3777 3807 tenacissimo
3849 3730 4199 3807 uniformi
4274 3732 4564 3835 depresso

1598 3846 1950 3925 subtiliter
2026 3842 2627 3946 spinuloso-hirto
2642 3903 2662 3931 ,
2727 3869 2985 3920 versus
3064 3845 3468 3951 marginem
3550 3846 3852 3950 pulchre
3936 3849 4366 3926 fimbriatum
4427 3850 4564 3924 den·

1595 3964 2109 4066 ticulatumque
2170 3988 2445 4067 rugoso
2518 3960 2795 4066 glabro,
2873 3962 3110 4064 stipite
3178 3965 3452 4042 laterali
3525 3964 3961 4044 brevissimo
4033 3967 4242 4051 hirto,
4318 3966 4562 4045 alveolis

1595 4083 1948 4186 elongatis
1999 4081 2213 4157 rectis
2262 4078 2665 4183 profundis.

1687 4229 1773 4303 In
1828 4226 2117 4302 Guinea
2156 4224 2252 4301 ad
2302 4234 2620 4301 truncos.
2671 4229 2865 4302 Mus.
2921 4227 3173 4325 Hafn.

1695 4371 1975 4448 Novum
2029 4375 2297 4447 omnino
2355 4387 2592 4475 typum
2644 4375 2710 4447 in
2767 4375 3010 4448 eximio
3060 4373 3199 4447 hoc
3248 4400 3501 4473 genere
3557 4377 3871 4475 praebet!
3938 4373 4213 4450 Statura
4268 4371 4574 4448 admodum

1598 4495 1856 4578 varius;
1915 4495 2282 4593 specimina
2330 4495 2603 4582 minora,
2655 4494 3107 4593 unguicularia
3161 4505 3432 4579 tantum,
3488 4494 3669 4594 pileo
3729 4506 3981 4568 tantum
4037 4495 4126 4567 ad
4201 4495 4576 4567 insertionem

1597 4612 1833 4712 stipitis
1886 4613 2227 4699 muricato,
2280 4622 2578 4684 ceterum
2626 4637 2790 4683 vero
2848 4611 3112 4710 glabro.
3213 4608 3604 4711 Specimina
3667 4612 3967 4712 perfecta
4019 4614 4068 4686 2
4122 4638 4269 4686 unc.
4320 4623 4381 4683 et
4440 4607 4577 4678 ultra

1593 4731 1743 4814 lata,
1803 4730 2196 4803 renisormia.
2301 4724 2538 4829 Stipes
2585 4729 2634 4801 2
2687 4729 2794 4802 lin.
2842 4729 3105 4828 longus,
3164 4728 3605 4818 adscendens,
3666 4743 3901 4805 exacte
3965 4731 4253 4805 lateralis
4324 4727 4577 4827 (poetice

1597 4875 1730 4920 non
1785 4849 2243 4948 marginatus),
2293 4849 2446 4947 pilis
2498 4848 2726 4923 densis
2782 4850 3024 4922 erectis
3077 4847 3304 4919 hirtus.
3408 4844 3644 4922 Pileus
3689 4849 3955 4923 insolito
4017 4853 4252 4936 tenuis,
4317 4858 4381 4919 at
4425 4858 4579 4917 tena-

1599 4968 1925 5052 cissimus,
1977 4964 2315 5053 flaccidos,
2366 4978 2434 5039 at
2480 4993 2617 5040 non
2670 4978 2849 5039 tactu
2898 4965 3137 5053 mollis,
3186 4991 3424 5039 versus
3476 4968 3792 5040 ambitum
3844 4966 4433 5067 radiato-rugosus,
4478 4958 4580 5034 sed

1598 5084 1684 5158 ad
1738 5084 2028 5159 medium
2080 5084 2293 5156 saltim
2346 5085 2623 5183 spinulis
2671 5083 3114 5158 subtilissimis
3190 5083 3726 5180 (efflorescentiis
3814 5085 4183 5160 isidioideis
4250 5081 4579 5157 Licbenum

1599 5201 1773 5275 haud
1824 5202 2264 5296 absimilibus)
2316 5203 2648 5292 obtectus,
2700 5215 2774 5276 ut
2819 5201 3002 5276 nudo
3081 5202 3281 5276 oculo
3341 5201 3551 5276 hirtus
3629 5216 3970 5305 appareat.
4075 5201 4264 5276 Raro
4313 5213 4378 5274 et
4417 5221 4580 5298 spar-

1590 5323 1712 5393 sim
1765 5322 2206 5397 observantur
2250 5321 2443 5395 simul
2488 5321 2797 5396 cristulae
2850 5324 3141 5420 majores
3207 5321 3473 5394 incisae.
3577 5317 3830 5422 Margo
3907 5324 4392 5423 elegantissime
4458 5315 4578 5387 fim-
