4984 6517
3405 516 3584 601 305

425 748 559 825 ger
611 731 682 798 et
731 721 999 808 nitens3
1077 720 1384 795 accendi
1443 732 1687 820 potest
1748 733 1822 799 et
1890 725 2144 825 flagrat
2200 721 2390 796 inter
2464 722 2828 800 carbones
2893 723 3417 800 candescentes
3493 726 3692 799 flam-

417 864 539 915 ma
591 837 939 915 coerulea
989 846 1062 914 et
1108 836 1346 912 odore
1398 838 1797 938 sulphureo
1845 839 2312 915 bituminoso.
2422 838 2740 930 Quando
2812 840 3023 915 desiit
3091 840 3311 943 ignis,
3390 840 3693 917 albescit

423 980 707 1031 saxum.
3197 978 3201 982 ·

625 1106 950 1183 Pertinet
994 1105 1090 1179 ad
1141 1103 1656 1181 formationem
1707 1106 2248 1183 Lithanthracis.

626 1264 693 1336 3.
745 1261 1036 1356 Arg-illa
1086 1260 1336 1332 salina.
1444 1257 1726 1360 Argilla
1776 1258 2237 1335 carbonifera
2285 1257 2757 1348 bituminosa,
2812 1259 3040 1335 mixta
3087 1256 3454 1359 particulis
3486 1257 3687 1343 saIiS,

422 1380 735 1452 fractura
778 1372 1093 1478 aequali,
1144 1381 1411 1461 terrea,
1466 1375 1710 1478 grisea
1751 1384 1825 1451 et
1876 1375 2112 1477 nigra,
2197 1400 2364 1450 raro
2422 1375 2676 1465 rubra,
2757 1377 3030 1453 micans
3080 1373 3445 1475 particulis
3493 1372 3683 1448 salis.

629 1523 966 1605 Occurrit
1019 1550 1186 1601 cum
1242 1525 1410 1601 Sale
1461 1528 1814 1603 montium
1862 1528 1938 1603 in
1983 1527 2426 1603 sedimentis.

627 1685 693 1755 4.
754 1681 984 1753 Terra
1032 1679 1436 1753 aluminosa.
1544 1679 1972 1779 Compacta,
2029 1680 2395 1755 interdum
2424 1680 2850 1782 imperfecte
2889 1679 3262 1758 schistosa,
3341 1680 3688 1755 Fractura

421 1821 574 1871 non
628 1796 894 1884 nitens,
947 1793 1139 1868 linea
1189 1820 1488 1870 rasurae
1541 1795 1935 1896 paullulum
1989 1798 2242 1874 nitens,
2351 1799 2412 1874 F
2416 1824 2594 1874 usca
2645 1808 2718 1874 et
2769 1799 3002 1900 nigra,
3088 1808 3167 1873 ut
3228 1796 3685 1872 bituminosa.

630 1948 952 2023 Pertinet
1014 1947 1109 2021 ad
1157 1948 1531 2047 systema,
1584 1950 1788 2050 quod
1838 1950 2125 2026 tertium
2180 1963 2291 2027 est
2338 1951 2795 2053 appellatum.

624 2100 693 2172 5.
747 2100 1037 2195 Argilla
1089 2102 1287 2174 Lias.
1396 2101 1677 2202 Argilla
1720 2100 2160 2178 bituminosa
2210 2104 2438 2179 mixta
2491 2129 2660 2180 cum
2709 2127 2995 2205 marga,
3049 2100 3321 2207 grisea,
3377 2098 3533 2174 fere
3580 2099 3692 2173 ni·-

414 2241 583 2317 gra;
640 2222 932 2290 textura
984 2214 1364 2291 schistosa,

622 2368 689 2440 6.
739 2369 1030 2463 Arg-illa
1106 2372 1582 2470 Kbuperiana.
1706 2371 1989 2473 Argilla
2057 2370 2440 2459 schistosa,
2522 2371 2918 2473 paullulum
2994 2391 3385 2452 arenacea,
3468 2365 3689 2438 inter·-

414 2484 636 2560 textis
687 2482 954 2558 foliolis
995 2483 1233 2560 Micae
1284 2497 1359 2560 et
1429 2511 1653 2587 saepe
1710 2488 2076 2589 particulis
2145 2487 2622 2564 carbonaceis
2702 2487 2992 2589 sparsis.
3100 2484 3394 2570 Grisea,
3479 2480 3683 2557 fusca

416 2601 534 2676 vel
588 2601 814 2702 nigra.

626 2755 691 2828 7.
755 2753 1047 2848 Argilla
1112 2754 1537 2830 Oaeoniensis.
1639 2756 1923 2859 Argilla
1968 2757 2512 2833 atro-coerulea
2560 2766 2634 2832 et
2682 2765 2925 2832 tenax.
3014 2751 3318 2827 Includit
3365 2747 3678 2849 Sulphu-

423 2880 669 2946 retum
722 2868 895 2943 ferri
946 2877 1019 2943 et
1066 2870 1308 2969 Gypsi
1349 2870 1700 2972 spathum.

549 3022 689 3212 thss.
729 3021 1035 3210 ἕνςίῖῐα
1087 3023 1659 3122 Kimridgensis.
1769 3023 2165 3111 Coerulea,
2237 3024 2508 3125 grisea,
2583 3024 2768 3098 flava
2824 3033 2897 3099 et
2973 3020 3358 3105 schistosa,
3442 3012 3684 3114 Gypsi

417 3162 548 3239 spa
630 3163 675 3211 o
806 3161 953 3210 ves,

620 3295 689 3368 9.
743 3293 1034 3389 Argilla
1064 3293 1404 3393 plastica.
1512 3292 1828 3394 (Tegel).
1909 3294 2188 3395 Argilla
2240 3304 2498 3381 tenax,
2550 3292 2811 3380 fictilis,
2870 3289 3125 3366 nitoris
3163 3309 3472 3386 experS,
3528 3281 3687 3384 pin-

416 3410 581 3513 guis
641 3419 714 3485 et
764 3409 1128 3494 indurata,
1184 3409 1382 3484 varie
1435 3410 1675 3512 grisea
1733 3419 1806 3485 et
1850 3411 2248 3485 commixta
2299 3411 2550 3486 alienis
2601 3408 2949 3496 materiis,
3002 3408 3190 3482 inter
3241 3427 3421 3506 quas
3454 3398 3674 3475 silica.

422 3527 655 3602 Venis
708 3527 1086 3628 variegata.

714 3703 775 3753 a.
827 3680 1115 3774 Argilla
1148 3679 1537 3776 fistularis.
1640 3677 1866 3764 Alba,
1917 3677 2088 3753 ferri
2137 3688 2210 3754 et
2259 3703 2528 3753 arenae
2586 3701 2876 3779 expers,

723 3810 793 3884 b.
844 3812 1134 3907 Arg-illa
1181 3814 1552 3910 sylvestris.
1653 3811 2199 3917 (VValderthon)
2246 3813 2482 3899 fusca,
2537 3808 2921 3897 schistosa,
2987 3818 3243 3893 tenax,
3321 3799 3686 3878 interdum

417 3927 737 4027 paullum
791 3927 1249 4003 bituminosa.

723 4086 782 4134 c.
841 4062 1132 4155 Argilla
1182 4063 1657 4135 Londinensis.
1765 4060 1974 4153 Atra,
2029 4061 2250 4135 mixta
2296 4058 2411 4132 vel
2467 4083 2754 4161 marga,
2823 4057 2941 4132 vel
3002 4080 3242 4130 arena.
3355 4054 3693 4129 Continet

414 4202 644 4277 saepe
706 4201 931 4278 grana
985 4178 1262 4251 Terrae
1315 4178 1584 4252 viridis.

724 4330 911 4402 Gen.
959 4328 1079 4401 29.
1133 4331 1646 4405 Lithanthrax.

630 4465 691 4532 1.
744 4462 1243 4535 Lithanthmx
1308 4475 1528 4558 niger.
1638 4461 1879 4536 Carbo
1958 4487 2125 4536 cum
2204 4461 2593 4548 bitumine,
2673 4467 2964 4534 textura
3038 4456 3235 4530 varie
3300 4453 3678 4531 schistosa.

414 4575 877 4651 Substantiae
937 4576 1379 4677 vegetabiles
1435 4578 1810 4653 immixtae
1869 4577 2243 4653 observari
2297 4603 2447 4652 non
2499 4585 2785 4678 posunt.

618 4728 861 4802 Carbo
908 4729 1448 4830 antiquissimus
1500 4728 1985 4805 bituminosus
2042 4729 2359 4803 occurrit
2404 4728 2542 4803 sub
2576 4728 2872 4803 nomine
2899 4730 3107 4800 Kolm
3136 4725 3208 4799 in
3235 4722 3508 4799 schisto
3530 4722 3686 4797 alu-

411 4843 682 4918 minico
738 4845 951 4919 etiam
1005 4846 1200 4945 apud
1254 4871 1391 4920 nos
1435 4846 1508 4920 in
1561 4847 1796 4922 stratis
1848 4846 2089 4946 parvis
2140 4844 2480 4921 tenuibus
2535 4845 2716 4921 etin
2747 4843 3082 4947 globulis,
3195 4841 3689 4915 Lithanthraae

416 4972 626 5056 niger
682 4970 1035 5036 extensus
1088 4971 1199 5036 est
1245 4961 1319 5035 in
1369 4962 1775 5063 antiquiore
1829 4962 2021 5036 serie
2075 4962 2481 5036 carbonum
2536 4978 2609 5036 et
2653 4963 2727 5037 in
2756 4961 3044 5036 Triade.
3162 4957 3388 5034 Carbo
3412 4959 3687 5054 fuscus

413 5076 727 5176 pertinet
774 5078 1201 5177 praesertim
1257 5079 1350 5152 ad
1406 5080 1778 5178 Systema,
1859 5079 2060 5179 quod
2113 5078 2398 5152 tertium
2454 5086 2565 5152 est
2637 5078 2929 5152 dictum.
3038 5075 3120 5150 In
3175 5074 3685 5174 Septentrione

407 5197 649 5271 solum
704 5207 783 5270 ut
833 5194 1077 5270 Carbo
1128 5203 1411 5269 terreus
1470 5206 1540 5270 et
1592 5193 1815 5270 Turfa
1862 5193 2113 5297 (Torf)
2169 5194 2503 5269 occurrit.
