4984 6517
106 5659 125 6112 ,ΗΡ-τῇ

1404 531 1585 620 380

1300 767 1438 819 nus
1493 740 1647 818 sive
1697 736 2140 817 defensionis
2167 736 2322 814 sive
2347 734 2839 815 excusationis
2861 733 3241 822 adbibere,
3291 741 3369 809 ut
3396 741 3851 821 asseverent,
3881 732 3947 808 si
3970 745 4255 812 careant
4275 735 4501 818 schola

1302 858 1583 964 egressi
1656 883 1909 936 earum
1981 854 2279 933 scientia
2352 878 2629 944 rerum,
2704 878 2894 961 quae
2955 852 3049 928 ad
3116 876 3328 928 usum
3377 852 3566 927 vitae
3617 851 4028 960 agendique
4078 855 4500 955 prudentiam

1301 977 1734 1081 pertineant,
1788 974 1933 1051 hoc
1984 974 2324 1050 damnum
2365 971 2824 1073 compensari
2874 970 3133 1047 mentis
3186 969 3307 1045 illa
3345 969 3739 1057 celeritate,
3781 970 3900 1046 illa
3935 972 4291 1076 cogitandi
4313 999 4506 1052 exer-

1307 1095 1643 1172 citatione
1693 1104 1911 1200 atque
1963 1090 2471 1180 adsuetudine,
2520 1089 2638 1165 illa
2685 1088 3042 1165 sentiendi
3081 1086 3606 1194 judicandique
3641 1088 3848 1195 quasi
3870 1090 4295 1180 maturitate,
4344 1119 4509 1199 quae

1310 1213 1676 1289 discendis
1723 1210 1983 1314 linguis
2028 1208 2337 1316 antiquis
2381 1215 2860 1308 comparetur.
2947 1209 3051 1283 At
3091 1204 3351 1282 frustra
3402 1205 3568 1281 talia
3616 1204 4105 1305 perhibentur.
4183 1209 4311 1284 Est
4338 1211 4508 1289 enim

1310 1332 1404 1408 ad
1459 1329 2000 1432 intelligendum
2054 1326 2373 1415 difficile,
2428 1326 2555 1433 qui
2605 1326 2761 1400 fieri
2813 1325 3044 1426 possit
3093 1339 3199 1412 ut,
3257 1321 3521 1432 quibus
3573 1324 3648 1399 in
3697 1323 3921 1401 rebus
3966 1350 4175 1401 mens
4215 1338 4512 1407 versetur

1312 1449 1469 1526 sine
1523 1446 1765 1523 studio
1816 1454 1888 1522 et
1939 1445 2449 1533 delectatione,
2501 1444 2657 1518 sine
2705 1444 3095 1518 attentione
3146 1441 3397 1529 animi,
3458 1441 3616 1518 sine
3641 1443 4136 1546 intelligentia,
4164 1469 4260 1520 ex
4288 1445 4515 1524 iisdem

1316 1566 1539 1643 rebus
1590 1565 2004 1667 praeclarus
2078 1563 2335 1672 aliquis
2407 1562 2679 1638 laboris
2735 1561 3057 1663 capiatur
3102 1559 3409 1648 fructus,
3473 1560 3595 1668 qui
3653 1561 3750 1637 ita
3795 1563 4091 1638 demum
4136 1563 4508 1666 percipitur,

1320 1685 1382 1761 si
1442 1695 1753 1786 propria
1822 1701 2121 1758 naturae
2184 1682 2358 1758 bona
2408 1685 2725 1757 doctrina
2765 1684 2982 1777 fovet
3022 1697 3094 1755 et
3134 1691 3207 1752 in
3254 1682 3338 1754 id
3364 1692 3809 1781 potissimum
3857 1693 4175 1780 ingenia,
4226 1713 4345 1783 quo
4392 1703 4517 1759 ten-

1324 1807 1529 1888 dunt,
1576 1803 2093 1902 adjuvantur.‘)
2191 1798 2448 1901 Neque
2501 1824 2680 1873 vero
2730 1796 2979 1873 litteris
3032 1796 3300 1872 Latinis
3347 1797 3522 1873 solis
3564 1807 3806 1898 potest
3836 1799 4034 1876 acies
4062 1800 4324 1903 ingenii
4350 1804 4516 1879 acui:

1327 1923 1605 1997 acuitur
1657 1918 1982 2026 quolibet
2033 1943 2184 1992 non
2232 1916 2595 1994 illiberalis
2648 1915 3020 1992 doctrinae
3070 1939 3375 2018 genere,
3422 1915 3520 1990 ita
3572 1924 3648 1990 ut
3698 1917 3860 2024 quis
3908 1918 4170 1994 iisdem
4205 1919 4440 1996 studiis
4466 1931 4528 1996 et

1331 2038 1590 2113 mentis
1667 2036 2260 2113 exercitationem
2339 2045 2411 2112 et
2479 2060 2724 2111 rerum
2774 2032 3143 2110 scientiam
3194 2031 3646 2133 adipiscatur,
3700 2033 3777 2109 id
3828 2035 4033 2142 quod
4085 2036 4157 2112 in
4211 2040 4397 2113 omni
4438 2040 4528 2115 in-

1333 2155 1730 2243 stitutione,
1783 2162 2128 2261 quantum
2171 2153 2460 2253 judico,
2515 2177 2877 2229 summum
2930 2177 3017 2227 ac
3065 2151 3753 2253 praestantissimum
3808 2163 3935 2229 est.

1639 2308 1790 2384 Sed
1842 2332 2149 2384 numero
2208 2332 2500 2395 eorum,
2550 2307 2675 2414 qui
2723 2307 2819 2383 ad
2864 2305 3143 2382 illarum
3189 2306 3582 2383 litterarum
3618 2305 3855 2382 studia
3883 2306 4333 2397 incumbent,
4360 2310 4534 2410 paul-

1337 2429 1563 2504 lulum
1611 2426 2023 2513 imminuto,
2070 2424 2331 2501 horum
2384 2425 2611 2501 decus
2657 2450 2743 2499 ac
2794 2434 3244 2501 momentum
3288 2449 3438 2500 non
3491 2424 3874 2502 minuetur.
3976 2425 4135 2502 Nec
4177 2426 4537 2504 elevabitur

1343 2572 1472 2634 eo,
1547 2544 1752 2653 quod
1833 2543 2125 2652 quidam
2200 2544 2563 2645 opinionis
2656 2567 2911 2618 errore
2997 2544 3184 2645 capti
3276 2542 3620 2631 dictitant,
3701 2544 4160 2644 superiorum
4229 2544 4539 2623 industria

1344 2663 1880 2768 philologorum
1928 2664 2044 2751 iis,
2099 2663 2225 2770 qui
2272 2688 2468 2740 nunc
2507 2664 2676 2753 sint,
2729 2663 3262 2766 propemodum
3289 2665 3438 2761 jam
3466 2671 3919 2763 praereptam
3949 2688 4119 2738 esse
4148 2674 4537 2764 potestatem

1348 2783 1619 2892 aliquid
1691 2781 2018 2858 navandi.
2124 2782 2296 2857 Hoc
2358 2782 2553 2857 enim
2603 2782 2718 2858 isti
2758 2782 2902 2858 sibi
2947 2789 3491 2884 persuaserunt,
3545 2780 3620 2856 in
3669 2781 3916 2857 litteris
3967 2781 4106 2857 illis
4159 2781 4539 2858 doctissimo

1351 2903 1618 3008 cuique
1663 2899 1837 2977 nihil
1884 2899 2039 2975 fere
2084 2924 2250 2976 esse
2300 2901 2660 2989 relictum,
2710 2900 2785 2976 in
2848 2925 2997 3008 quo
3050 2898 3375 2975 elaboret
3400 2923 3487 2973 ac
3514 2899 3874 3000 proficiat:
3926 2900 4212 2976 illarum
4242 2900 4544 2979 studiosis

1353 3045 1648 3098 omnem
1687 3017 2016 3094 discendi
2066 3020 2271 3125 quasi
2323 3044 2660 3121 campum
2707 3022 2860 3118 jam
2888 3043 3054 3094 esse
3081 3017 3639 3119 pervestigatum
3670 3025 3744 3093 et
3786 3041 4008 3093 unum
4049 3018 4363 3095 docendi
4383 3044 4545 3121 opus

1354 3148 1651 3216 restare.
1755 3135 1911 3212 Sed
1991 3136 2427 3243 cuicumque
2490 3162 2611 3213 res
2659 3137 2818 3239 ipsa
2868 3137 3110 3212 notior
3159 3143 3300 3222 est,
3355 3161 3574 3243 quam
3617 3160 3769 3210 non
3819 3146 4021 3212 recte
4070 3137 4391 3235 judicent
4428 3139 4547 3228 isti,

1292 3257 1305 3268 ’
1357 3282 1508 3334 non
1559 3256 1861 3359 ignorat.
1964 3253 2146 3329 Nam
2221 3266 2608 3355 pernotum
2678 3266 2817 3344 est,
2871 3256 3041 3331 artis
3087 3280 3261 3330 vere
3314 3253 3635 3341 criticae,
3691 3279 3880 3361 quae
3933 3254 4215 3345 dicitur,
4262 3281 4402 3331 non
4447 3257 4551 3332 ad-

1358 3374 1662 3451 modum
1722 3373 1862 3448 alte
1914 3371 2311 3472 repetenda
2355 3398 2522 3449 esse
2578 3372 3001 3475 primordia,
3054 3380 3128 3448 et
3176 3371 3450 3448 exinde
3507 3397 3947 3480 quamquam
3996 3383 4075 3450 et
4130 3375 4204 3450 in
4252 3374 4379 3468 hac
4423 3385 4551 3451 arte

1364 3502 1439 3569 et
1482 3493 1557 3568 in
1608 3490 2113 3591 exploratione
2164 3490 2364 3565 omni
2413 3492 3164 3597 pervestigationeque
3202 3490 3594 3565 litterarum
3633 3490 4072 3598 linguaeque
4101 3492 4556 3569 Romanorum

1363 3610 1585 3687 multa
1633 3609 2003 3710 praeclare
2054 3609 2312 3686 effecta
2359 3608 2531 3697 sint,
2582 3619 2819 3685 tamen
2867 3608 2962 3684 ita
3016 3607 3423 3709 profectum
3449 3633 3648 3694 esse,
3702 3619 3780 3684 ut
3802 3607 3877 3684 in
3905 3633 4179 3711 magno
4211 3611 4329 3686 illo
4361 3637 4554 3713 opere

1368 3728 1742 3814 universe,
1795 3725 1996 3834 quod
2049 3727 2501 3803 instituerunt
2550 3726 2927 3831 philologi,
2978 3727 3223 3802 omnia
3271 3725 3427 3802 fere
3473 3725 3839 3815 inchoata,
3893 3753 4132 3829 prope
4182 3730 4275 3804 ad
4317 3730 4561 3831 perfec-

1370 3848 1642 3926 tionem
1694 3844 2006 3921 adducta
2073 3845 2321 3933 multa,
2393 3843 2566 3921 nihil
2641 3845 2796 3921 fere
2867 3845 3277 3921 absolutum
3325 3855 4056 3953 consummatumque
4123 3847 4458 3948 reperias3
4502 3847 4563 3923 id

1377 3963 1579 4071 quod
1628 3962 2010 4063 separatim
2065 3963 2142 4039 in
2188 3962 2485 4065 singulis
2536 3963 2691 4039 fere
2750 3961 3187 4065 philologiae
3237 3961 3558 4063 partibus
3616 3987 3921 4039 cernere
3972 3965 4163 4041 licet.

1683 4125 1760 4198 In
1824 4121 2106 4222 scriptis
2153 4130 2480 4198 veterum
2550 4120 3100 4223 interpretandis
3152 4165 3247 4179 -
3294 4132 3372 4197 ut
3423 4121 3797 4196 ordiamur
3842 4120 3934 4197 ab
3989 4148 4123 4211 ee,
4182 4124 4376 4230 quod
4420 4124 4571 4199 anti-

1384 4269 1572 4351 quae
1611 4240 1847 4316 omnis
1906 4238 2353 4338 humanitatis
2404 4240 2638 4316 studia
2688 4252 2758 4316 et
2807 4241 3081 4316 initium
3132 4238 3400 4315 habent
3448 4247 3522 4315 et
3570 4238 3791 4314 finem
3843 4282 3938 4298 —
3983 4265 4246 4346 magna
4283 4244 4424 4339 jam
4471 4242 4573 4317 diu

1383 4361 1700 4438 cernitur
1768 4357 2116 4433 industria
2190 4367 2263 4434 et
2337 4359 2881 4434 incrementum.
2987 4361 3068 4435 In
3149 4383 3291 4465 qua
3366 4366 3569 4460 parte
3633 4356 4072 4461 philologiae
4127 4386 4342 4469 quum
4396 4370 4578 4436 antea

1386 4479 1582 4556 docti
1657 4476 1987 4552 homines
2066 4502 2365 4577 operam
2438 4486 2821 4552 navassent
2893 4484 3187 4551 strenue
3250 4476 3351 4551 illi
3422 4476 3715 4583 quidem
3760 4500 4071 4578 semper,
4133 4479 4266 4553 sed
4313 4479 4578 4555 liberius

1386 4597 1744 4674 interdum
1800 4605 1872 4669 et
1925 4594 2247 4700 quodam
2290 4593 2516 4670 modo
2568 4594 2948 4696 separatim
2994 4594 3085 4669 ab
3137 4594 3256 4683 iis,
3312 4594 3436 4702 qui
3472 4594 3542 4671 in
3594 4594 3748 4670 aliis
3790 4594 4114 4697 partibus
4141 4609 4580 4687 versarentur,

1392 4724 1465 4790 et
1540 4739 1801 4815 magna
1875 4737 2405 4814 saepenumero
2479 4738 2646 4788 cum
2723 4713 3119 4788 temeritate
3172 4712 3390 4788 multa
3440 4737 3526 4787 ac
3572 4714 3766 4788 varia
3815 4713 3970 4788 ausi
4019 4724 4293 4801 essent,
4352 4714 4582 4788 deinde

1391 4832 1748 4934 insignem
1830 4830 2178 4906 adhibere
2259 4830 2695 4930 diligentiam
2773 4856 2860 4906 ac
2936 4830 3343 4905 cautionem
3398 4840 3471 4906 et
3519 4841 3930 4907 ceterorum
4002 4831 4357 4919 studiose,
4423 4832 4583 4906 criti-

1398 4974 1654 5024 corum
1704 4948 2083 5049 imprimiS,
2135 4948 2587 5048 prudentiam
2643 4949 3191 5055 <leoninamque
3243 4948 3382 5023 sibi
3433 4948 3833 5052 adjungere
3884 4961 4301 5051 coeperunt.
4383 4950 4583 5056 quue

1400 5093 1549 5144 non
1598 5066 1890 5140 minime
1934 5074 2300 5153 curarunt,
2355 5074 2431 5141 ut
2479 5066 2553 5141 in
2610 5067 2978 5142 sententiis
3020 5076 3349 5143 veterum
3405 5066 3852 5168 explicandis
3902 5078 4140 5158 textu,
4191 5069 4311 5177 qui
4343 5068 4583 5154 dicitur,

1614 5320 1653 5387 ‘)
1688 5315 1842 5371 Cous.
1879 5314 2088 5380 Quinct.
2121 5314 2252 5368 Inst-
2288 5314 2434 5368 Orat.
2469 5314 2518 5367 2.
2551 5312 2601 5367 8.
