4984 6517
3459 584 3581 668 45

622 798 873 872 hahuit·
920 797 1094 875 LeV.
1141 799 1181 873 Ι.
1230 826 1288 874 c.
1341 826 1410 899 p.
1463 802 1619 885 180,
1707 824 1909 898 quam
1972 795 2120 872 Cel.
2183 794 2553 897 Junghuhn
2631 799 2783 897 ipse
2834 824 2964 897 pro
3015 799 3103 873 L.
3158 796 3465 876 betulina
3516 809 3685 893 gui-

624 929 855 993 noemi
901 918 1164 1007 habuit,
1218 943 1391 1017 quae
1442 917 1721 992 lamellis
1800 918 1944 991 acie
2012 915 2449 991 subvelutinis
2501 916 2709 990 modo
2763 917 3038 991 recedit.

438 1069 526 1139 ⁴0.
627 1060 714 1136 L.
772 1060 1165 1161 (Come.)
1209 1060 1676 1135 anxuzn.
1732 1057 1907 1132 Lev.
1960 1056 2007 1132 l.
2062 1082 2123 1132 c.
2180 1063 2363 1133 1846.
2413 1082 2482 1159 p.
2537 1064 2681 1133 ⁴22.

719 1200 850 1278 Ad
899 1209 1202 1277 truncos
1241 1199 1493 1275 Indiae
1531 1199 2026 1276 occidentalis.
2084 1204 2392 1276 Benzon.

724 1349 883 1425 Alia
935 1378 975 1424 a
1018 1350 1114 1446 ,L.
1166 1346 1472 1423 betulina
1527 1346 1642 1448 (L.
1669 1351 1966 1424 betulina
2012 1377 2075 1422 v.
2129 1350 2438 1422 velutina.
2541 1349 2748 1423 Berk.
2800 1358 2876 1421 in
2905 1345 3092 1420 Arm.
3144 1347 3241 1445 qs
3273 1347 3446 1423 Nat.
3490 1347 3678 1422 Hist.

613 1476 811 1546 1845.
849 1498 932 1572 p.
994 1466 1156 1573 181)
1206 1480 1463 1543 remota
1522 1471 1823 1569 species,
1877 1468 2003 1541 sed
2055 1471 2244 1542 zonis
2293 1467 2657 1540 admodum
2710 1468 3043 1565 angustiS,
3097 1465 3414 1540 consertis
3442 1479 3512 1541 et
3537 1467 3676 1539 ele-

611 1590 793 1663 vatis
844 1587 1036 1662 facile
1091 1587 1417 1661 distincta.
1521 1586 1775 1661 Adhuc
1824 1587 2148 1674 nobilior,
2199 1587 2287 1660 L.
2343 1614 2748 1660 verrucosae
2798 1583 3027 1658 Kickx
3102 1582 3438 1658 accedens
3515 1608 3677 1682 spe·

615 1709 800 1794 cies,
855 1733 894 1779 a
948 1705 1036 1779 L.
1089 1701 1396 1779 betulina
1448 1717 1839 1806 segregata,
1889 1718 1995 1778 est
2045 1702 2341 1780 Suecica
2391 1706 2480 1778 L.
2536 1716 3005 1779 cinnamomm
3055 1702 3175 1778 Fr.
3221 1701 3316 1775 Ic.
3362 1703 3428 1774 in
3488 1698 3678 1773 Mus.

615 1821 858 1897 Holm.
966 1821 1158 1898 Vera
1222 1824 1310 1896 L.
1364 1820 1668 1897 betulina
1736 1837 1992 1912 autem,
2067 1837 2142 1897 ut
2207 1827 2404 1897 etiam
2473 1824 2562 1898 L.
2627 1823 3018 1909 versicolor,
3094 1824 3291 1897 etiam
3367 1823 3434 1894 in
3486 1821 3679 1894 terris

553 2028 556 2033 ,
616 1943 857 2017 calidis
910 1955 1290 2016 occurrunt.

434 2096 522 2164 Η.
623 2088 711 2160 L.
755 2088 1162 2186 (Cannae.)
1215 2106 1569 2160 srmrA.
1624 2082 1868 2184 Epicr.
1919 2107 1989 2184 p.
2045 2090 2190 2158 406.
2245 2085 2451 2158 Berk.
2505 2086 2549 2159 I.
2596 2114 2652 2159 c.
2701 2093 2884 2163 1845.
2942 2089 3002 2163 Ι.
3043 2116 3127 2190 Ρ.
3176 2093 3321 2164 571.

731 2232 815 2308 In
863 2229 1134 2304 truncis
1188 2227 1440 2304 Indiae
1480 2227 1713 2303 occid.
1773 2253 1834 2302 c.
1894 2226 2143 2329 priori.

735 2376 1031 2480 Species
1081 2381 1301 2452 minor
1346 2379 1520 2451 inter
1570 2374 1667 2450 D.
1721 2377 2092 2450 bicolorem
2146 2387 2216 2450 et
2264 2373 2360 2449 D.
2415 2378 2771 2476 sepiariam
2827 2375 3378 2478 quoddammodo
3438 2374 3675 2451 media.
3813 2480 3818 2484 ¹

627 2500 867 2572 Fufius
919 2524 1118 2596 quam
1169 2498 1415 2596 prioris
1468 2497 1672 2596 longe
1722 2497 1940 2568 minor
2008 2507 2078 2568 et
2152 2496 2447 2582 mollior,
2517 2496 2720 2570 sulcis
2804 2498 3248 2570 concentricis
3325 2495 3678 2595 profundis

623 2620 947 2704 exarati-s,
1023 2615 1379 2688 lateraliter
1451 2614 1766 2702 adnatus,
1853 2613 1979 2687 sed
2056 2616 2257 2688 etiam
2308 2613 3022 2704 reniformi-dilatatus,
3095 2616 3280 2690 fibris
3329 2614 3677 2714 adpressis

623 2764 867 2808 versus
919 2736 1284 2834 marginem
1318 2732 1727 2807 radiantibus
1755 2734 2351 2832 rugoso-striatus,
2394 2731 2576 2808 unde
2627 2761 2896 2809 nomen.
3000 2731 3343 2809 Lamellae
3406 2747 3678 2822 tenues,

615 2856 819 2928 etiam
867 2855 1143 2952 proprie
1195 2851 1650 2950 ferruginem,
1703 2851 1829 2926 sed
1882 2877 1922 2926 e
1974 2853 2214 2952 pruina
2245 2853 2779 2952 glaucescentes.
2886 2851 3264 2928 Contextus
3312 2853 3678 2942 floccosus,

623 2972 1065 3068 ferrugineus.

434 3120 526 3188 -ἱὲ,
631 3112 707 3184 L.
767 3112 1164 3212 (cnunc.)
1213 3131 1718 3195 PROTRACTA,
1779 3107 2369 3196 effuso-reflexa,
2419 3106 3118 3209 seriam-protracta,
3195 3107 3391 3210 pileo
3441 3110 3677 3186 coria-

627 3228 1007 3304 ceo-molli
1055 3236 1366 3331 angusto
1421 3225 1912 3302 cano-villoso
1982 3224 2537 3315 fusco-zonato,
2617 3225 2916 3302 lamellis
2986 3226 3145 3302 latis
3227 3227 3677 3330 simplicibus

623 3348 839 3424 nudis
895 3346 1280 3432 umbrinis,
1327 3326 1622 3420 alternis
1675 3342 2080 3419 dimidiatis.

727 3492 807 3564 ln
859 3488 1069 3592 lignis
1119 3484 1426 3589 putridis
1470 3484 1546 3560 in
1596 3483 1915 3560 Mexico.
2022 3481 2376 3582 Hffgberg.

731 3632 1015 3708 Minima
1061 3634 1331 3733 generis
1385 3634 1690 3732 species,
1743 3632 1952 3706 forma
2008 3644 2078 3706 et
2128 3631 2270 3705 fere
2324 3632 2669 3705 coloribus
2722 3631 2809 3705 L.
2861 3630 3204 3711 abietinae
3254 3636 3402 3736 (aut
3449 3638 3678 3736 potius

627 3752 871 3852 Pnssep.
935 3762 1204 3825 venusti
1253 3748 1529 3850 Berk.),
1574 3754 1641 3824 in
1695 3752 1908 3825 series
1960 3751 2247 3824 lineares
2299 3751 2646 3850 elongatas
2699 3765 3076 3851 protracta,
3130 3754 3256 3829 sed
3310 3757 3483 3855 vix}
3522 3782 3674 3829 unc.

635 3872 775 3944 iata.
879 3868 1059 3944 Tam
1114 3869 1244 3943 hac
1296 3869 1548 3957 forma,
1602 3896 1800 3970 quam
1857 3870 2226 3943 substantia
2280 3869 2598 3960 molliori,
2636 3873 2817 3944 sicca
2865 3871 3240 3973 subfragili,
3294 3901 3333 3947 a
3386 3875 3476 3947 L.
3526 3903 3675 3948 um-

631 3988 831 4060 hrimr
879 4004 947 4064 et
1003 3988 1087 4062 L.
1141 4006 1375 4062 acuta.
1478 3976 1688 4062 Berk.
1743 3987 2071 4062 distincta.

1265 4135 1644 4211 Bona-us.
1753 4134 1866 4236 (L.
1920 4160 2026 4236 pr.
2082 4138 2191 4238 p.)
2293 4135 2544 4236 Epicr.
2582 4163 2665 4237 Ρ.
2719 4144 2864 4210 408.

735 4280 1343 4383 Hymempltorum
1396 4294 1502 4355 est
1552 4308 1634 4355 ea
1685 4308 1845 4381 pars
1901 4281 2094 4381 pilei,
2172 4285 2279 4355 cui
2329 4281 2716 4384 hymenium
2793 4284 3210 4381 impositum,
3290 4309 3464 4383 quae
3526 4311 3679 4360 sae-

639 4428 723 4500 pe
799 4400 1130 4490 discolor,
1206 4401 1685 4488 scrobiculata,
1740 4401 1995 4473 sulcata
2072 4405 2166 4500 (v.
2221 4428 2279 4475 c.
2342 4404 2407 4475 in
2469 4399 2799 4503 Paxillis).
2920 4399 3087 4474 Non
3159 4403 3358 4501 igitur
3410 4416 3515 4477 est
3549 4415 3677 4505 pi·
3761 4426 3766 4431 ·

643 4520 723 4592 lei
771 4546 1233 4620 synonymon,
1304 4532 1378 4592 ut
1425 4522 1588 4593 varii
1639 4519 1924 4618 fingunt,
2002 4519 2128 4593 sed
2179 4546 2218 4591 a
2270 4520 2451 4619 pileo
2508 4520 2848 4594 diversum
2897 4533 2972 4592 ut
3027 4521 3112 4593 ab
3167 4520 3515 4594 involucro
3569 4548 3678 4595 re-

647 4640 987 4736 ceptacula
1037 4639 1210 4711 inter
1259 4635 1782 4740 Synanthereas.
1888 4636 1966 4711 In
2016 4638 2281 4712 Boletis
2334 4650 2403 4712 et
2455 4638 2834 4740 Polyper-is
2884 4667 3089 4714 sensu
3143 4641 3453 4712 strictiori
3506 4652 3677 4715 stra-

643 4772 771 4828 tum
823 4785 1182 4856 porosum,
1236 4759 1534 4856 margine
1616 4783 1825 4856 saepe
1877 4758 2259 4857 prominulo
2314 4757 2696 4846 limitatum,
2761 4760 2971 4831 oritur
3020 4786 3058 4831 a
3110 4758 3356 4832 tubulis
3415 4761 3675 4857 stipatis

647 4892 711 4948 et
755 4904 1035 4976 prorsus
1083 4873 1594 4975 heterogeneis,
1647 4879 1952 4975 quamvis
2003 4878 2069 4949 in
2119 4872 2492 4978 Polyporis
2543 4877 2714 4949 inter
2762 4903 2840 4950 se
2890 4890 2959 4951 et
3003 4904 3155 4951 cum
3220 4878 3493 4951 matrice
3573 4903 3680 4950 ar-

647 5008 743 5068 cte
803 4996 1105 5068 connatis
1143 4992 1230 5095 ⁶).
1339 4992 1607 5067 Horum
1671 4996 1824 5095 pori
1875 4997 2153 5095 insuper
2217 4993 2680 5095 praeformati,
2754 4995 2913 5070 licet
2962 4998 3265 5096 primitus
3315 4997 3561 5069 minimi
3613 5007 3684 5070 et

651 5188 687 5244 'J
719 5184 771 5232 ln
807 5188 963 5236 variis
999 5184 1257 5246 Polyporis
1288 5185 1544 5248 genuinis,
1575 5190 1678 5235 tam
1718 5188 1937 5238 carnosis
1974 5186 2005 5236 1.
2040 5186 2347 5249 spongiosls,
2399 5198 2555 5250 quam
2589 5186 2873 5237 Fomitihus
2912 5194 3125 5238 stratum
3162 5199 3400 5249 porosum
3436 5187 3489 5238 ln
3524 5188 3682 5239 tubu-

450 5268 518 5316 ιω
550 5268 731 5320 mli-m
763 5272 1003 5332 toringia:
1038 5268 1091 5319 in
1128 5268 1236 5320 alus
1270 5268 1533 5333 Polypum
1566 5277 1781 5323 stratum
1818 5284 2058 5335 porosum
2094 5266 2235 5320 line·
2269 5269 2566 5324 asurim-⁸·
2597 5272 2661 5333 (v.
2695 5284 2738 5321 c.
2772 5273 2825 5324 ln
2852 5273 2910 5325 P.
2934 5274 3172 5337 salignoi)
3200 5272 3266 5323 ab
3302 5271 3681 5336 hymenophoro

450 5352 723 5400 tinniturum.
