4984 6517
1357 562 1534 649 306

1544 771 1717 843 Gen
1770 766 1889 841 30.
1948 766 2179 844 Carbo
2203 771 2498 866 fuscus.

1446 905 1507 975 1.
1570 899 1803 977 Carbo
1847 905 2185 1003 piseodes.
2290 901 2644 975 Praetura
2696 896 3315 986 conchaeformis,
3393 898 3606 973 color
3673 900 4245 1003 sericeo-niger,
4325 900 4513 976 nitor

1238 1017 1448 1093 valde
1501 1017 1791 1119 pinguis
1858 1016 2288 1094 intermixtis
2338 1016 2549 1092 lineis
2595 1013 2970 1090 schistosis
3020 1005 3277 1116 parum
3329 1015 3738 1091 nitentibus.

1439 1154 1507 1225 2.
1569 1151 1796 1227 Carbo
1829 1156 2098 1247 fuscus
2153 1162 2547 1225 communis.
2658 1148 3131 1248 Compactus,
3200 1147 3514 1224 fractura
3574 1159 3850 1237 terrea,
3919 1149 4078 1226 fere
4147 1150 4511 1227 conchae-

1240 1268 1490 1357 formi,
1543 1267 1793 1343 fuscus
1845 1267 1964 1343 vel
2013 1268 2240 1369 niger,
2291 1267 2530 1341 nitore
2585 1265 2784 1340 nullo
2829 1265 2947 1340 vel
2994 1264 3263 1368 pingui.

1541 1428 1605 1476 a.
1660 1400 1887 1477 Carbo
1935 1404 2341 1498 uliginosus.
2436 1398 2866 1498 (Moorkol).
2931 1400 3394 1501 Compactus,
3428 1399 3861 1507 plerumque
3889 1405 4089 1480 rimis
4115 1401 4514 1501 disruptus,

1252 1529 1544 1596 textura
1592 1517 1985 1619 aliquando
2038 1515 2464 1617 imperfecte
2529 1513 2914 1602 schistosa,
2986 1515 3300 1592 fractura
3359 1521 3644 1618 aequali
3721 1521 3817 1596 ad
3875 1519 4519 1597 conchaeformem

1247 1636 1683 1722 accedente,
1740 1634 2015 1710 micans
2068 1635 2185 1708 vel
2238 1633 2469 1708 nitore
2525 1631 2797 1734 pingui.
2905 1633 3134 1708 Color
3177 1633 3365 1709 inter
3417 1635 3701 1712 fuscum
3758 1646 3831 1713 et
3880 1639 4191 1739 piceum.

1553 1769 1625 1844 b.
1675 1767 1904 1846 Carbo
1957 1785 2242 1842 terreas.
2348 1764 2592 1841 Massa
2636 1767 3149 1869 vegetabilium
3183 1780 3827 1860 commutatorum,
3889 1797 4201 1873 quorum
4235 1779 4521 1845 textura

1250 1898 1487 1964 terrea
1535 1894 1608 1961 et
1660 1884 1918 1960 mollis.
2018 1884 2289 1959 Badius
2335 1882 2408 1957 in
2460 1882 2784 1984 griseum
2839 1893 2911 1959 et
2961 1885 3229 1959 flavum
3280 1911 3595 1988 vergens
3648 1888 3766 1963 vel
3815 1889 4064 1965 fuscus
4132 1898 4205 1964 et
4273 1886 4522 1961 nitoris

1256 2029 1548 2104 expers.

1560 2161 1619 2210 c.
1666 2137 2010 2230 Lignites.
2118 2130 2367 2207 Massa
2420 2132 2496 2206 in
2549 2134 3103 2221 commutando,
3168 2139 3379 2233 cujus
3434 2146 3723 2213 textura
3760 2136 4331 2212 fibrosaindicat
4361 2160 4521 2210 cor-

1257 2256 1473 2329 ticem
1530 2262 1602 2328 et
1649 2249 1959 2325 annulos
1994 2250 2169 2350 ligni
2223 2274 2387 2322 cum
2444 2250 2863 2350 fragmentis
2913 2252 3164 2327 trunci.
3265 2252 3530 2328 Flavus
3584 2253 3703 2328 vel
3732 2253 3998 2330 fuscus,
4105 2253 4363 2341 LeviS,
4419 2252 4519 2328 ni-

1257 2371 1436 2446 toris
1491 2392 1764 2469 expers
1808 2365 1942 2440 sed
1996 2364 2269 2439 micans
2302 2364 2379 2439 in
2430 2367 2820 2466 superficie
2868 2393 3167 2443 rasurae
3219 2368 3335 2443 vel
3393 2371 3688 2470 quando
3737 2369 4021 2471 politur.

1566 2505 1755 2576 Gen.
1812 2501 1930 2573 31.
1980 2500 2119 2573 Sal
2155 2510 2509 2573 montium.

1474 2642 1534 2711 1.
1595 2637 1733 2709 Sal
1775 2646 2128 2707 montium.
2240 2628 2659 2707 Chloretum
2709 2635 3082 2710 natricum.

1567 2772 1739 2843 Ger.
1793 2768 1909 2842 32.
1961 2770 2323 2840 producta
2373 2767 2719 2842 vulcania.

1471 2906 1532 2976 1.
1583 2903 1789 2975 Lava
1833 2912 2075 2981 vitrea.
2186 2899 2445 2975 Scoria
2494 2898 3002 3002 homogenea,
3059 2899 3314 2986 vitrea,
3371 2925 3561 3001 quae
3616 2900 3826 2976 facile
3877 2900 4232 3002 liquescit.

1463 3036 1531 3108 2.
1575 3037 1782 3108 Lava
1831 3038 2169 3131 vulgaris.
2275 3033 2564 3121 Scoria,
2638 3058 2782 3135 que
2862 3032 3071 3108 fluxit
3121 3058 3165 3107 e
3232 3032 3604 3108 montibus
3677 3033 4065 3135 ignivomis
4116 3044 4190 3110 et
4237 3034 4536 3109 includit

1274 3151 1592 3227 mineras
1639 3176 1791 3225 non
1830 3151 2001 3225 satis
2052 3149 2494 3252 liquefactas.
2601 3151 2882 3225 Eorum
2934 3175 3160 3252 grana
3197 3159 3321 3224 aut
3370 3150 3639 3225 micant
3689 3160 3768 3225 ut
3801 3161 4068 3251 puncta
4097 3149 4296 3236 alba,
4350 3175 4535 3251 quae

1266 3276 1629 3344 texturam
1684 3268 2001 3342 indicant
2048 3266 2573 3368 crystallinam,
2640 3280 2761 3341 aut
2811 3266 3019 3369 nigra
3072 3274 3240 3342 sunt
3291 3291 3390 3342 ex
3444 3267 3735 3369 Angite.
3837 3266 4082 3342 Massa
4130 3292 4228 3342 ex
4288 3266 4425 3341 illis
4464 3267 4540 3342 fit

1268 3410 1585 3488 granosa
1638 3392 1711 3459 et
1767 3383 2153 3459 difficulter
2202 3385 2532 3486 liquatur.
2639 3383 3085 3483 Plerumque
3154 3391 3265 3458 est
3338 3384 3609 3484 grisea,
3691 3383 4079 3484 aliquando
4150 3383 4355 3459 fusca
4426 3383 4538 3459 vel

1270 3503 1496 3604 nigra.
1602 3499 1951 3582 Fractura
1991 3500 2421 3602 inaequalis,
2470 3499 2712 3604 plana,
2768 3524 3058 3600 perosa.
3162 3501 3395 3574 Tactu
3452 3510 3562 3574 est
3606 3524 3865 3600 aspera
3914 3510 3988 3576 et
4038 3500 4299 3575 multas
4325 3499 4540 3575 habet

1270 3619 1669 3693 varietates

1590 3778 1650 3825 a.
1705 3752 1910 3824 Lava
1965 3754 2192 3825 densa.

1584 3866 1656 3945 b.
1714 3867 1919 3939 Lava
1980 3870 2318 3942 leucitica.

1582 4026 1645 4075 e.
1699 4002 1905 4074 Lava
1955 4003 2037 4073 de
2108 4000 2391 4075 Viterbo.

1582 4133 1650 4207 d.
1702 4135 1908 4207 Lava
1962 4133 2389 4234 Aper-istim.

1586 4292 1649 4344 e.
1704 4271 1906 4342 Lava
1942 4284 2321 4369 punctata,

1584 4400 1628 4478 f.
1685 4405 1893 4476 Lava
1941 4412 2283 4497 augitica.

1583 4559 1652 4636 g.
1710 4537 1915 4612 Lava
1966 4535 2634 4635 crypto-Leucitica.

1485 4669 1553 4741 3.
1613 4670 1817 4741 Lava
1867 4681 2126 4743 scoriae
2179 4668 2445 4740 similis.
2553 4663 2756 4738 Lava
2815 4663 3044 4737 vitrea
3092 4670 3165 4736 et
3235 4660 3553 4763 vulgaris
3625 4660 4082 4758 conjungunt
4149 4653 4554 4756 fragmenta

1289 4783 1736 4885 Augitolithi,
1773 4808 2124 4859 saxorum
2160 4781 2748 4882 trachyticornm,
2780 4780 2960 4855 alius
2992 4781 3250 4866 Lavae,
3280 4776 3791 4878 crystallorum
3823 4773 4137 4875 Augitae
4160 4781 4318 4859 etc.,
4363 4796 4551 4872 quae

1291 4899 1587 5001 delapsa
1639 4900 1735 4974 de
1794 4899 2189 5000 parietibus
2256 4899 2642 4985 montium,
2722 4922 2873 4972 non
2919 4896 3217 4996 liquata,
3311 4893 3741 4995 ceteroquin
3805 4899 4106 4976 mutata,
4186 4896 4433 4964 natant
4480 4887 4553 4961 in

1287 5025 1611 5091 torrente
1663 5017 1902 5090 Lavae
1951 5023 2025 5090 et
2071 5014 2327 5089 similia
2378 5023 2547 5089 sunt
2598 5014 2900 5089 Scoriae
2942 5011 3250 5114 vulgari,
3304 5010 3502 5085 unde
3555 5032 3850 5084 nomen.

1487 5151 1556 5224 4.
1614 5151 1910 5251 Rapilli.
2015 5150 2212 5223 Lava
2280 5157 2354 5223 et
2416 5145 2735 5222 Pumicis
2787 5145 3219 5246 fragmenta,
3289 5168 3479 5244 quae
3565 5165 3820 5242 parum
3900 5138 4315 5214 cohaerent.
4419 5139 4556 5213 Ba-

1294 5267 1392 5341 dii
1443 5266 1561 5342 vel
1611 5265 1972 5342 ochracei.
2079 5265 2450 5340 Interdum
2514 5263 2770 5337 fortius
2818 5263 3144 5337 concreti
3199 5286 3339 5360 ope
3397 5258 3796 5359 SulphuriS.
