4984 6517
479 927 545 1002 3.

501 5034 610 5107 5.·

3457 550 3627 637 101

1142 772 1342 851 Trib.
1395 774 1516 853 ΠΙ.
1621 770 1712 849 H.
1765 793 2289 848 mumius.
2393 766 2637 869 Epicr.
2698 766 2901 840 5-8
2952 773 3087 841 etc.

686 923 778 998 H.
829 943 1184 997 LsPuosA
1203 980 1222 1008 ‚
1276 919 1474 1021 pileo
1526 918 1894 994 suberoso
1949 942 2200 993 crasso
2247 915 2616 1018 pulvinato
2644 913 3002 1016 laevigato
3049 909 3736 1012 leproso—pruinoso

678 1039 1056 1126 umbi-ino,
1109 1037 1412 1113 alveolis
1460 1036 1846 1139 profundis
1893 1036 2150 1137 amplis
2202 1034 2428 1110 acutis
2482 1030 3117 1118 fusco-umbrinis,
3168 1029 3359 1104 intus
3417 1026 3652 1103 nudis.

786 1179 870 1255 In
919 1177 1168 1253 Insula
1212 1177 1361 1251 San
1411 1175 1580 1263 Jan,
1630 1176 1883 1252 Indiae
1928 1174 2418 1251 occidentalis,
2488 1163 2757 1250 O’rsted.

780 1321 1065 1397 Novum
1117 1322 1312 1396 facile
1364 1320 1564 1419 hujus
1616 1324 1886 1420 generis
1935 1334 2173 1424 typum
2223 1320 2551 1407 offerens,
2611 1320 2695 1393 ab
2751 1316 3062 1391 omnibus
3115 1315 3354 1387 eximie
3405 1312 3731 1385 distincta.

678 1440 915 1516 Pileus
970 1440 1381 1528 dimidiatus,
1434 1440 1724 1529 sessilis,
1777 1440 2371 1527 semiorbicularis,
2423 1439 2836 1539 pulvinatus,
2889 1435 3087 1507 2—4
3141 1460 3292 1506 unc.
3343 1430 3548 1519 latus,
3590 1431 3740 1504 basi

679 1562 725 1634 2
772 1588 926 1634 unc.
980 1574 1049 1635 et
1098 1562 1268 1633 ultra
1320 1585 1623 1646 crassus,
1675 1561 1938 1657 absque
1988 1560 2208 1645 zonis,
2271 1558 2473 1631 sulcis
2525 1569 2594 1630 et
2649 1556 2833 1655 pilis,
2921 1552 3047 1627 sed
3098 1549 3492 1650 superficies
3542 1546 3737 1621 undi-

685 1706 818 1779 que
871 1677 1588 1778 flocculoso·leprosa,
1668 1680 1860 1778 quasi
1941 1679 2292 1777 pruinosa,
2346 1689 2645 1751 ceterum
2702 1675 3028 1773 laevigata
3080 1685 3150 1745 et
3202 1670 3469 1743 demum
3524 1666 3738 1740 denu-

682 1799 869 1885 data3
929 1824 1165 1896 margo
1222 1797 1536 1884 declivis,
1594 1809 1850 1870 acutus.
1957 1793 2351 1869 Substantia
2416 1797 2629 1894 ipsius
2680 1793 2864 1891 fungi
2916 1790 3302 1864 tenuissima
3356 1799 3492 1875 est,
3545 1785 3737 1886 palli-

681 1917 1152 2002 do-umbrina;
1222 1917 1399 1989 intus
1455 1916 1630 1988 enim
1680 1926 1864 1988 totus
1915 1914 2162 2013 fungus
2241 1914 2388 1986 basi
2460 1924 2748 2013 excepta
2806 1939 2890 1985 ex
2941 1911 3226 1982 maxima
3274 1920 3469 2007 parte
3521 1905 3735 1979 factus

681 2047 785 2109 est
835 2062 922 2109 ex
973 2034 1255 2109 alveolis
1314 2035 1484 2107 ultra
1535 2035 1799 2106 unciam
1848 2032 2230 2132 profundis,
2286 2033 2554 2131 amplis,
2609 2043 2677 2104 at
2719 2032 2915 2105 solito
2969 2030 3416 2114 tenuioribus,
3490 2025 3734 2098 subro-

683 2154 1290 2251 tundo-angulatis,
1344 2179 1463 2226 ore
1511 2154 1721 2226 acutis
1772 2152 2128 2239 umbriuis,
2191 2151 2461 2225 demum
2512 2148 3249 2261 Daedaleo-laceratis3
3317 2149 3493 2218 intus
3570 2169 3732 2217 vero

683 2272 1103 2372 pallidiores,
1159 2270 1301 2344 fere
1351 2272 1576 2371 ligneo
1614 2271 1881 2357 colore,
1928 2269 2120 2358 nudi,
2171 2270 2388 2370 glabri
2435 2298 2565 2344 nec
2611 2273 2849 2370 pruina
2901 2268 3435 2368 glaucescentes.

780 2451 980 2527 Trib.
1068 2449 1188 2524 111.
1313 2449 1408 2524 Η.
1490 2473 1904 2526 SULCATAE.
1991 2451 2231 2553 Epicr.
2322 2478 2391 2527 n.
2460 2454 2712 2527 9-12
2780 2461 2854 2528 et
2934 2450 3287 2553 plurimae
3364 2441 3730 2519 recentius

1312 2567 1688 2644 distinctae
1738 2570 2045 2670 species.

680 2710 713 2743 ²⁶
764 2709 1063 2783 Alveolis
1114 2711 1660 2812 ligneo-pallidis
1715 2712 1758 2785 l.
1805 2724 2306 2787 cinnamomeis.
2360 2713 2453 2786 H.
2521 2714 2790 2787 Gannii
2829 2738 2885 2788 s.
2945 2715 3030 2786 P.
3083 2722 3464 2812 vesparius.
3515 2707 3730 2784 Berk.

781 2827 855 2902 in
901 2828 1097 2901 Ann.
1149 2827 1333 2903 Hist.
1390 2827 1544 2904 Nat.
1593 2830 1712 2904 111.
1767 2855 1836 2931 p.
1895 2831 2061 2905 323.

671 2970 763 3045 H.
822 2993 1191 3046 SULCATA·
1297 2970 1554 3046 Berk.!
1604 2972 1790 3048 Dec.
1851 2998 1918 3048 n.
1983 2975 2146 3049 183.
2190 2983 2235 3049 t.
2299 2976 2416 3048 20.
2471 2972 2519 3048 f.
2575 2976 2637 3048 1.

775 3111 1005 3213 Hujus
1058 3116 1376 3189 sectionis
1428 3127 1665 3216 typus,
1732 3142 1958 3191 crassa
2033 3129 2104 3190 et
2165 3117 2536 3217 pulvinata,
2611 3115 2737 3189 sed
2797 3116 2863 3187 in
2925 3115 3406 3214 speciminibus
3486 3115 3732 3187 nostris

678 3234 903 3333 pileus
953 3233 1255 3333 (glaber,
1305 3232 1757 3333 fusco-niger)
1810 3235 2112 3308 crebrius
2166 3248 2236 3309 et
2280 3236 2486 3308 multo
2542 3234 2756 3308 levius
2802 3233 3127 3322 sulcatus,
3177 3259 3375 3335 quam
3422 3237 3488 3306 in
3530 3236 3730 3307 icone

679 3350 1171 3453 Berkeleyana.
1274 3348 1547 3424 Alveoli
1600 3352 1964 3425 admodum
2020 3354 2220 3441 firmi,
2272 3356 2578 3453 primitus
2605 3355 2883 3453 (aperti)
2936 3352 3316 3427 foveolares
3363 3365 3432 3427 et
3480 3352 3731 3426 distan-

672 3484 774 3545 tes
793 3472 830 3558 l,
887 3469 1156 3544 demum
1211 3469 1297 3541 ad
1342 3470 1536 3544 basin
1587 3471 1756 3544 ultra
1803 3473 2066 3544 unciam
2116 3470 2466 3570 profundi,
2518 3499 2757 3571 parum
2811 3473 3103 3571 angulati
3146 3472 3257 3546 vel
3286 3475 3483 3546 etiam
3514 3471 3727 3544 breve

676 3588 982 3676 sinulosi,
1028 3615 1304 3688 semper
1352 3590 1607 3676 obtusi,
1663 3590 1896 3663 colore
1943 3589 2085 3664 fere
2130 3588 2528 3665 Daedaleae
2583 3593 2961 3691 quercinae.

597 3729 630 3762 *
677 3730 767 3802 H.
808 3726 1087 3826 glabra.
1135 3727 1428 3804 Leveill.
1490 3728 1681 3803 Ann.
1737 3727 1853 3804 Sc.
1910 3728 2067 3805 Nat.
2130 3731 2341 3805 1846.
2398 3730 2450 3804 1.
2505 3756 2573 3832 p.
2634 3731 2775 3804 143
2828 3731 3015 3807 inter
3048 3728 3235 3805 hanc
3287 3734 3360 3803 et
3405 3752 3721 3829 sequen-

770 3854 919 3920 tem
967 3844 1288 3921 medium
1344 3854 1543 3922 tenet
1588 3846 1852 3923 locum.

679 4020 766 4096 H.
815 4041 1380 4096 macnornnm.
1459 4017 1721 4123 Jungh.
1789 4019 1863 4094 in
1922 4020 2081 4107 litt„
2136 4020 2335 4121 pileo
2387 4019 3082 4122 suberoso-lignoso
3144 4020 3491 4123 ungulato
3547 4044 3723 4095 con-

678 4135 992 4211 centrice
1044 4136 1323 4212 sulcato
1375 4136 1697 4212 velutino
1761 4136 2163 4225 ochraceo‚
2223 4145 2575 4214 contextu
2648 4139 2847 4214 tenui
2923 4136 3369 4239 alveolisque
3420 4137 3722 4240 profun-

679 4252 785 4328 dis
838 4254 1095 4356 amplis
1175 4255 1603 4358 regulariter
1651 4254 2063 4359 hexagonis
2131 4255 2664 4357 pallidioribus‚
2734 4282 2868 4332 ore
2925 4264 3161 4331 acuto,
3269 4260 3363 4331 H.
3418 4260 3722 4332 Molken-

677 4370 881 4447 boerii
930 4373 1102 4447 Lev.
1158 4373 1232 4448 in
1277 4375 1469 4450 Ann.
1524 4375 1641 4451 Sc.
1699 4373 1855 4449 Nat.
1914 4376 2127 4449 1844.
2183 4376 2270 4450 Π.
2326 4400 2396 4475 p.
2455 4376 2624 4449 200.
2680 4374 2930 4477 quoad
2975 4400 3138 4476 syn.
3194 4374 3658 4479 Junghuhnii.

769 4516 852 4588 In
906 4515 1090 4590 Java
1135 4516 1501 4620 variisque
1556 4519 1711 4593 Ind.
1769 4519 2135 4596 orientalis
2181 4517 2384 4595 locis,

769 4658 1025 4760 Ampla
1077 4664 1379 4760 species,
1431 4664 1496 4736 in
1549 4632 1758 4762 spec?
1776 4667 1924 4738 viso
1978 4665 2366 4765 applanata,
2420 4691 2595 4764 quae
2624 4676 2698 4737 ut
2724 4665 3049 4766 plurimae
3083 4668 3453 4742 crassiores
3482 4665 3717 4742 Hexa-

676 4805 893 4877 gonae
945 4781 1120 4853 intus
1174 4808 1262 4853 ex
1337 4783 1620 4854 maxima
1675 4795 1866 4880 parte
1948 4809 2034 4856 ex
2109 4784 2386 4858 alveolis
2457 4784 2794 4884 profunde
2869 4787 3208 4859 excavatis
3265 4785 3547 4859 formata
3598 4800 3720 4860 est.

682 4893 928 4976 Quoad
988 4898 1398 4972 alveolatum
1453 4897 1734 4972 formam
1787 4899 1958 4974 haec
2013 4905 2281 5001 species
2326 4906 2597 5003 generis
2648 4918 2884 5007 typum
2936 4907 3191 5005 optime
3251 4905 3542 4979 exhibet.

673 5038 762 5114 H.
817 5062 1250 5128 mucozon,
1332 5039 1554 5116 dilute
1605 5040 2051 5145 ferruginea,
2129 5044 2327 5147 pileo
2383 5043 2724 5119 coriaceo
2772 5043 3012 5146 rigido
3062 5043 3431 5121 subflexili
3480 5044 3723 5147 appla-

677 5166 840 5233 nato
890 5159 1356 5235 concentrice
1409 5157 1689 5236 sulcato
1740 5159 2034 5265 glabro,
2087 5161 2389 5239 alveolis
2435 5161 2698 5238 mediis
2750 5161 3047 5238 vadosis
3097 5162 3470 5267 angulatis.

774 5305 857 5380 In
901 5304 1253 5382 America
1305 5304 1652 5381 calidiori.
