4984 6517
3417 631 3532 717 53

415 848 492 915 ⁴2.
601 843 678 917 Ρ.
743 843 1097 942 (Pirum.)
1148 864 1684 929 DENDRITICUS,
1741 839 2643 942 caespitoso-imbricatuS,
2694 840 3002 928 lacteuS,
3056 841 3251 943 pileo
3284 865 3635 918 carnoso-

595 959 793 1034 lento
844 957 1247 1060 spathulato
1300 957 1966 1063 fibrilloso-virgato
2008 959 2166 1034 basi
2217 959 3025 1060 stipitiformi-porrecto
3045 1019 3062 1046 ‚
3146 967 3495 1034 contextu
3551 961 3633 1035 fi-

598 1077 933 1163 brilloso,
986 1075 1189 1177 poris
1244 1077 1535 1152 minutis
1591 1077 2065 1154 subrotundis
2112 1079 2358 1153 acutis,

698 1223 822 1299 Ad
870 1233 1171 1299 truncos
1218 1222 1292 1297 in
1338 1248 1571 1326 regno
1619 1222 2033 1305 Mexicano.
2140 1226 2476 1299 Liebman
2533 1224 2897 1325 (Eandem
2965 1224 3322 1326 speciem,
3396 1224 3635 1300 minus

595 1343 988 1428 evolutam,
1035 1341 1131 1417 ad
1182 1340 1525 1417 caudices
1569 1341 1888 1419 Taxodii
1935 1368 1980 1417 e
2031 1342 2371 1418 Carolina
2429 1342 2569 1418 sub
2617 1369 2686 1419 n.
2747 1349 2896 1418 ⁴481
2958 1343 3151 1418 misit
3210 1343 3526 1448 Cur-tis.)

703 1497 776 1571 A
826 1500 1099 1599 reliquis
1153 1498 1371 1573 differt
1420 1500 1845 1598 vegetatione
1895 1503 2308 1600 caespitosa,
2360 1503 2556 1602 pileis
2603 1501 2964 1574 imbricatis
3009 1499 3637 1573 concrescentibus-

594 1645 763 1717 que,
837 1630 904 1689 at
980 1617 1224 1715 singuli
1308 1646 1545 1718 parum
1598 1618 1767 1690 ultra
1816 1622 1853 1718 ᾗ
1901 1646 2051 1692 unc.
2105 1620 2288 1718 longi
2345 1620 2629 1719 latique,
2694 1618 3177 1707 horizontales‚
3252 1616 3637 1716 spathulati,

595 1738 859 1836 postica
915 1734 1679 1835 stipitiformi-porrecti,
1731 1763 1770 1809 a
1822 1738 1969 1811 basi
2019 1737 2104 1810 ad
2149 1741 2517 1837 marginem
2569 1737 2819 1812 fibrillis
2872 1735 3279 1810 radiantibus
3355 1734 3636 1834 adpres-

599 1860 691 1928 εἷκε
747 1856 955 1928 dense
1010 1856 1542 1954 striato-virgati,
1593 1855 1793 1929 albidi
1846 1856 1885 1928 Ι.
1935 1857 2422 1956 pallescenteS,
2474 1857 2773 1954 margine
2826 1854 3469 1954 perpendiculariter
3516 1851 3637 1926 de-

603 1976 807 2060 nem,
859 1973 1190 2046 interdum
1248 1971 1842 2072 fusco-variegato.
1949 1972 2327 2049 Contextus
2359 1974 2939 2062 carnoso-lentus,
2984 1975 3378 2070 fibrillosus,
3426 1973 3619 2046 albus

599 2092 759 2164 Puri
815 2108 919 2164 sat
974 2090 1319 2192 profundi,
1375 2094 1486 2165 vix
1538 2090 2067 2165 lacero-dentati.

1173 2273 1404 2375 Stirps
1458 2274 1539 2350 F.
1638 2277 1719 2350 P.
1775 2299 2180 2354 rnonnosx.
2284 2275 2526 2377 Epicr.
2581 2281 2652 2351 7⁴
2669 2284 2868 2350 —76.

703 2428 823 2512 Hi,
875 2444 951 2500 ut
995 2427 1260 2526 analogi
1324 2424 1410 2500 P.
1460 2429 1673 2517 ovini,
1753 2440 1828 2501 ut
1885 2432 2170 2503 maxime
2240 2431 2506 2504 carnosi
2573 2428 2818 2503 desunt
2887 2431 2954 2502 in
3034 2429 3425 2527 regionibus
3479 2427 3639 2499 cali·

607 2548 923 2620 diambus*
1149 2643 1382 2747 Stirps
1437 2646 1527 2721 G.
1632 2645 1712 2720 P.
1772 2669 2078 2724 tonan.
2181 2644 2422 2748 Epicr.
2479 2670 2548 2720 n.
2592 2654 2879 2722 77—82.

438 2796 506 2864 13.
611 2788 685 2860 P.
735 2788 1096 2891 (Luem-1)
1149 2809 1675 2864 sscsnnmms.
1781 2789 2035 2864 Berk.!
2095 2789 2295 2864 Cent.
2353 2795 2496 2865 ⁴7⁴.

699 2928 819 3000 Ad
871 2928 1064 3028 ligna
1103 2924 1392 3027 putrida
1436 2923 1514 3001 in
1566 2927 1873 3005 Guinea.
1981 2932 2334 3031 Afzelius.

703 3076 835 3152 Hic
887 3096 955 3156 et
1005 3082 1091 3153 Ρ.
1145 3090 1581 3153 armar-acius
1630 3076 1871 3152 Berk.!
1938 3075 2124 3151 Ine-d.
2174 3076 2378 3174 hujus
2429 3076 2655 3175 stirpis
2706 3099 2863 3149 esse
2919 3072 3254 3148 concludo
3307 3097 3396 3146 ex
3436 3067 3636 3170 hujus

603 3200 939 3272 manifesta
991 3199 1293 3296 analogia
1339 3225 1493 3271 cum
1539 3199 1626 3270 Ρ.
1679 3196 2003 3280 candido,
2056 3223 2192 3269 non
2249 3196 2375 3267 nisi
2426 3204 2726 3267 tomento
2781 3193 2936 3267 albo
2993 3192 3285 3267 diverso.
3388 3189 3638 3291 Speci-

611 3344 755 3392 meu
807 3316 1052 3392 Afzeffi
1104 3319 1592 3418 caespitosum,
1639 3314 1934 3414 undique
1983 3340 2387 3414 expansum,
2457 3323 2757 3385 ceterum
2836 3313 3223 3410 ambiguum
3286 3326 3392 3389 est
3446 3313 3641 3385 olim·-

611 3464 735 3536 [με
787 3438 1193 3536 sepositum,
1240 3436 1365 3511 sed
1411 3462 1565 3508 cum
1621 3432 2096 3534 Berkeleyano
2150 3432 2457 3531 proxime
2508 3431 2834 3528 congruit.

1001 3611 1230 3718 Stirps
1282 3618 1374 3694 H.
1480 3616 1885 3692 Poupom
1935 3635 2354 3688 mmmmm.
2460 3605 2702 3709 Epicr.
2759 3616 3046 3683 83—88.

707 3760 879 3836 Tam
935 3764 998 3836 in
1051 3760 1338 3860 frigidis,
1391 3786 1591 3859 quam
1645 3757 1875 3832 calidis
1926 3760 2153 3843 terris3
2206 3768 2272 3827 at
2320 3757 2386 3828 in
2431 3753 2536 3827 his
2591 3754 2851 3828 collect.
2907 3752 3167 3827 desunt.

1063 3943 1292 4045 Stirps
1335 3945 1389 4019 1.
1495 3945 1900 4020 Pommoru
1948 3964 2250 4018 monus.
2354 3940 2595 4041 Epicr.
2644 3946 2857 4015 95--4
2871 3949 2971 4015 06.

703 4088 787 4160 H.
835 4092 875 4160 l.
939 4089 1015 4160 P.
1062 4086 1424 4189 hispidam
1482 4085 1759 4175 Berk.!,
1833 4087 2199 4161 simillimus
2249 4088 2333 4158 P.
2386 4087 2719 4186 epileuco,
2806 4084 2931 4158 sed
3007 4093 3337 4157 structura
3388 4079 3638 4163 fibrosa

615 4208 943 4292 *liz-ursus,
993 4209 1079 4279 Ρ.
1138 4216 1664 4307 microscopicus
1714 4205 1964 4304 Jungh.
2013 4202 2165 4279 Jav.
2213 4234 2281 4304 p.
2335 4211 2433 4278 52.

437 4368 518 4432 Η.
627 4360 691 4432 Ρ.
743 4356 1107 4461 (Murus)
1162 4359 1719 4443 Tnxcnocoma,
1776 4357 1969 4458 pileo
2029 4354 2578 4433 carnoso-lento
2635 4356 3051 4458 resupinato
3103 4353 3641 4454 capulari-inte—

619 4504 775 4572 gro,
831 4504 927 4552 ex
939 4488 1050 4552 tus
1101 4476 1272 4551 albo
1328 4475 1715 4579 laevigato,
1774 4476 1978 4551 disco
2025 4501 2369 4552 convexo
2405 4502 2448 4552 e
2491 4475 2693 4578 poris
2742 4472 3095 4577 elongatis
3144 4468 3638 4556 subtilissimis,

623 4596 683 4668 in
735 4596 1028 4670 fibi-illas
1079 4594 1483 4682 solvendis,
1535 4593 1814 4694 stipat0.

707 4732 827 4808 Ad
879 4732 1072 4836 ligna
1122 4731 1427 4833 putrida.
1536 4730 1788 4808 Tamti.
1896 4730 2257 4807 Imma...
2310 4761 2377 4805 n.
2427 4738 2490 4807 7.

715 4888 999 4964 Unicum
1081 4888 1289 4961 modo
1367 4886 1563 4961 adest
1643 4887 2024 4986 specimen,
2083 4912 2290 4985 quare
2357 4886 2619 4959 silentio
2677 4883 3275 4983 praetermitterem
3298 4935 3315 4964 ,
3371 4879 3495 4951 nisi
3546 4875 3644 4948 fa—

623 5012 743 5080 rina
791 5023 859 5080 et
903 5008 1326 5081 characteres
1383 5008 1666 5079 maxime
1720 5006 2133 5105 peculiares,
2181 5015 2256 5077 ut
2280 5003 2618 5077 exoletum
2647 5028 2775 5101 pro
2818 4998 3357 5074 Tricbocomatis
3408 4995 3643 5094 specie

623 5124 928 5224 depressa
998 5125 1194 5198 facile
1278 5137 1669 5199 sumeretur.
1802 5120 2035 5198 Pileus
2109 5123 2534 5210 orbicularis,
2609 5124 2901 5219 integer,
2962 5117 3168 5191 dorso
3234 5114 3512 5187 adnatus
3576 5123 3647 5185 et

623 5248 871 5316 omnino
943 5245 1225 5330 sessilis,
1279 5241 1677 5342 adpressus,
1743 5241 1867 5315 sed
1919 5244 1986 5314 in
2043 5243 2297 5316 ambitu
2343 5241 2545 5328 liber,
2595 5241 2765 5338 -ξ--Ξ
2813 5263 2963 5310 unc.
3018 5236 3218 5322 latus,
3268 5233 3638 5330 laevigatus

627 5360 819 5456 (haud
873 5364 1244 5462 conspicue
1301 5362 1615 5452 villosus,
1678 5361 1837 5436 licet
1887 5360 2332 5436 anodermeus
2386 5362 2503 5460 sit)
2564 5355 2746 5430 haud
2825 5355 3247 5455 marginatus.
3382 5347 3643 5449 Pagina

2631 5701 2648 5740 1
