4984 6517
1369 536 1485 624 92

1463 765 1540 827 ut
1589 751 1676 825 ad
1728 747 2299 828 Membranaceos
2350 746 2543 828 facile
2596 748 2948 840 reseratum
3000 749 3086 826 Ρ.
3118 764 3447 854 caperato
3497 775 3664 827 vero
3722 746 3897 829 adeo
3923 746 4183 842 similis,
4233 766 4307 829 ut
4354 780 4475 856 pro

1464 870 1711 946 eodem
1757 873 1976 970 primo
2049 875 2287 946 obtutu
2353 872 2736 957 habuerim,
2789 869 2915 944 sed
2975 886 3334 947 contextus
3380 898 3672 972 papyro
3721 874 3902 970 fere
3959 883 4257 959 tenuior,
4313 875 4477 970 fer·

1465 999 1816 1085 ruginem.
1940 989 2174 1065 Pileus
2255 990 2948 1077 umbonato-sessilis,
3025 990 3178 1063 hinc
3252 992 3541 1089 integer,
3622 990 3748 1064 sed
3839 994 4137 1092 margine
4221 994 4479 1091 postico

1463 1108 1865 1180 brevissimo
1919 1107 2307 1182 tenuissimo
2359 1108 2605 1182 inflexo
2653 1108 2888 1194 sterili,
2939 1110 3153 1183 antice
3196 1119 3554 1209 porrectus
3593 1119 3663 1181 et
3707 1134 4046 1209 expansus
4096 1111 4162 1183 in
4212 1109 4480 1183 formam

1462 1225 1706 1300 flabelli
1755 1227 2214 1315 obovatusve‚
2264 1234 2304 1300 3
2355 1252 2505 1300 unc.
2561 1240 2629 1300 et
2703 1227 2867 1299 ultra
2922 1226 3197 1327 longus,
3250 1255 3288 1299 a
3340 1227 3485 1300 basi
3541 1231 3968 1303 concentrice
4049 1240 4361 1316 zonatus,
4423 1242 4484 1302 at

1460 1372 1599 1418 non
1651 1345 1980 1431 sulcatus3
2031 1371 2244 1420 zonae
2309 1345 2685 1432 consertae,
2739 1346 3209 1433 obscuriores,
3265 1345 3838 1445 umbrino·nigrae
3899 1347 4198 1420 oriuntur
4249 1374 4289 1422 e
4333 1349 4486 1421 setis

1461 1462 1732 1535 fibrosis
1793 1467 2218 1538 concentrice
2291 1462 2634 1564 dispositis
2688 1470 3060 1536 antrorsum
3115 1458 3707 1553 decumbentibus,
3759 1466 3954 1563 apice
4028 1463 4487 1540 adscendenti-

1462 1580 1628 1668 bus3
1674 1606 1913 1654 versus
1966 1582 2158 1656 basin
2210 1609 2374 1656 vero
2430 1594 2618 1655 setae
2671 1579 2940 1654 demum
2995 1581 3335 1667 detersae3
3408 1581 3535 1657 sed
3595 1609 3682 1657 ex
3753 1582 4008 1655 illarum
4069 1584 4220 1657 basi
4277 1582 4488 1683 pileus

1461 1710 1743 1772 zonatus
1793 1702 2108 1798 persistit.
2209 1697 2378 1772 Pori
2427 1701 2596 1772 ultra
2644 1699 2883 1772 lineam
2949 1698 3167 1797 longi,
3221 1698 3531 1788 conserti,
3584 1700 4078 1801 dissepimentis
4153 1701 4490 1792 tenuibus,

1461 1829 1667 1891 trama
1722 1817 2103 1903 manifesta3
2155 1818 2410 1918 reliqua
2457 1830 2533 1890 ut
2581 1844 2804 1918 supra.
2909 1813 3029 1890 Ob
3081 1816 3457 1892 affinitatem
3509 1820 3596 1891 P.
3634 1829 3891 1918 scytini
3938 1816 4150 1893 Berk.
4194 1819 4262 1891 in
4317 1816 4489 1891 Ann-

1396 2001 1404 2009 .
1461 1932 1637 2009 Hist.
1689 1933 1851 2008 Nat.
1899 1934 2019 2009 ΠΙ.
2072 1965 2140 2037 p.
2190 1944 2315 2010 376
2365 1937 2569 2035 (haec
2620 1938 2890 2037 species
2942 1938 3009 2008 in
3062 1962 3218 2010 meo
3279 1938 3567 2037 exempl.
3645 1937 3815 2011 Coll.
3889 1934 4201 2036 Cuming.
4269 1935 4492 2032 deest)

1459 2081 1614 2128 cum
1665 2056 1751 2127 P.
1804 2072 2165 2155 caperato,
2218 2081 2368 2128 cum
2421 2056 2533 2129 illo
2579 2053 3107 2155 comparandus,
3165 2057 3278 2154 qui
3329 2081 3495 2130 vero
3572 2056 3803 2130 colore
3854 2054 4013 2156 pilei
4075 2054 4327 2156 pallide
4372 2055 4491 2128 ba-

1458 2171 1800 2246 dio-fusco
1856 2176 2650 2272 spongioso-tomentoso
2699 2176 3069 2273 conspicue
3122 2173 3357 2248 differt.

1370 2319 1404 2354 ⁴
1459 2321 1547 2393 P.
1601 2320 1969 2393 Licnoides
2018 2318 2244 2395 Mont.
2308 2322 2510 2396 Ceut.
2560 2320 2646 2396 Π.
2698 2344 2767 2396 n.
2822 2327 2963 2395 444.

1560 2465 1861 2542 Minima
1907 2464 2126 2565 hujus
2176 2465 2414 2569 stirpis
2459 2465 2735 2571 proles,
2790 2464 3025 2543 affinis
3076 2471 3162 2542 Ρ.
3218 2464 3554 2556 tabacino,
3608 2465 3702 2542 ad
3742 2490 3854 2567 sq.
3915 2464 4212 2568 stirpem
4264 2473 4493 2543 trans-

1449 2585 1629 2661 iens,
1688 2589 1777 2661 Ρ.
1831 2589 2266 2660 meandris-us
2316 2584 2542 2662 Mont.
2594 2587 2795 2661 Ceut.
2852 2586 2961 2661 IV
3010 2583 3181 2660 mihi
3229 2609 3532 2687 prorsus
3582 2583 3867 2659 dubiuS.

1587 2727 1656 2802 d.
1711 2723 1950 2800 Subtr.
2014 2727 2097 2798 Ρ.
2157 2739 2505 2828 vaporati,
2567 2732 2918 2801 contextu
2963 2723 3208 2814 fusco,
3254 2724 3478 2827 vulgo
3529 2723 3730 2799 tenui
3773 2721 4147 2798 submem-

1796 2843 2193 2931 branaceo‚
2273 2843 2408 2918 sed
2478 2843 2555 2918 in
2637 2847 2725 2918 P.
2805 2855 3111 2945 captioso
3188 2841 3415 2917 Mont.
3488 2841 3684 2917 Ann.
3766 2842 3885 2917 Sc.
3972 2840 4129 2916 Nat.

1805 2969 1987 3038 4847.
2053 2962 2105 3036 Ῑ.
2156 2985 2226 3061 p.
2282 2967 2404 3035 470
2450 2959 3255 3037 suberoso-coriaceus.

1261 3110 1358 3177 54.
1464 3104 1543 3179 P.
1601 3106 1668 3207 (Ρ
1721 3105 2078 3206 come.)
2130 3124 2600 3181 vmsmms.
2705 3101 2947 3180 norm
3011 3102 3087 3179 in
3153 3103 3399 3181 Hook.
3474 3102 3708 3179 Lond.
3782 3102 4038 3178 soum.
4092 3101 4147 3176 1.
4224 3072 4311 3202 ps
4353 3106 4493 3177 σεο.

1454 3220 1749 3299 Leveill.
1801 3224 1998 3324 Voy.
2044 3223 2227 3298 Bon.
2283 3247 2352 3323 p.
2403 3228 2526 3297 ⁴82
2574 3229 2621 3297 t.
2671 3228 2815 3298 438.
2865 3221 2909 3297 f.
2959 3229 3018 3297 4.

1558 3374 1641 3446 In
1685 3371 1905 3448 Insul.
1954 3369 2415 3474 Philippinis!
2470 3380 2544 3447 et
2591 3369 2942 3447 America
2987 3366 3299 3445 boreali!

1564 3510 1855 3611 Fungus
1916 3513 2141 3612 quoad
2197 3538 2413 3611 genus
2465 3513 2854 3611 ambiguum
2906 3513 2974 3583 in
3026 3508 3506 3609 speciminibus
3581 3505 3830 3580 nostris
3901 3502 4286 3606 hymenlum
4358 3501 4501 3575 fere

1459 3629 1910 3717 lamellosum‘:
1979 3632 2242 3706 radians
2316 3631 2629 3731 (lamellis
2685 3629 3031 3714 tenuibus,
3090 3636 3133 3699 2
3198 3627 3304 3699 lin.
3354 3626 3520 3713 latis,
3570 3627 3714 3697 acie
3784 3621 4168 3723 repandis),
4228 3623 4498 3720 postice

1451 3761 2204 3848 poroso·anastomans,
2255 3760 2327 3821 ut
2375 3746 2731 3822 Lenzitem
2778 3748 3008 3847 potius
3057 3745 3400 3844 fingerem.
3502 3742 3579 3816 In
3641 3742 3731 3815 L.
3784 3751 4126 3842 sepiaria,
4192 3736 4502 3814 betulina

1457 3865 1841 3967 hymenium
1894 3893 2110 3966 aeque
2157 3878 2967 3968 poroso-anastomosans
3028 3863 3333 3937 vidimus.
3432 3859 3671 3935 Pileus
3738 3872 4040 3934 ceterum
4113 3859 4501 3946 coriaceus,

1455 3987 1705 4073 tenuis,
1785 3987 2095 4060 obsolete
2168 3988 2570 4087 (praecipue
2646 3985 3013 4082 marginem
3086 3985 3359 4079 versus)
3445 3981 3633 4055 fibris
3709 3978 4055 4077 adpressis
4133 3975 4499 4075 striguloso

1455 4104 1929 4204 inaequabilis,
1979 4106 2359 4191 umbrinus,
2422 4129 2665 4177 versus
2727 4104 3093 4201 marginem
3137 4099 3444 4200 pallidor.
3544 4096 3815 4172 Forsan
3868 4097 3954 4168 P.
4006 4110 4284 4168 venusto
4332 4122 4502 4195 pro·

1455 4224 1649 4320 prior
1696 4224 1808 4297 vel
1857 4223 1946 4297 ad
1997 4250 2248 4298 novum
2300 4249 2520 4323 genus
2572 4222 2889 4293 Porodon
2939 4221 3141 4321 (typo
3177 4216 3262 4291 P.
3317 4215 3776 4315 Acanthoide)
3830 4212 4242 4287 referendus.

1251 4365 1349 4431 55.
1454 4361 1533 4434 P.
1592 4362 1987 4464 (Come.)
2043 4381 2518 4438 CAPERATUs.
2623 4357 2866 4433 Berk.!
2918 4354 2994 4430 in
3044 4355 3241 4431 Ann.
3294 4353 3478 4431 Hist.
3533 4350 3688 4428 Nat.
3737 4352 3857 4427 111.
3904 4376 3974 4452 p.
4028 4357 4172 4425 394.

1549 4498 1733 4572 Cum
1786 4497 2248 4600 pracedente.
2313 4497 2552 4574 Cum!
2595 4497 2778 4569 Phil.
2824 4501 3021 4570 2024.

1555 4639 1627 4714 A
1681 4642 2007 4716 simillimo
2059 4643 2147 4715 P.
2194 4657 2454 4714 comato
2507 4640 2605 4739 (n.
2664 4642 2778 4738 53)
2830 4620 3250 4736 dignoscitur
3306 4644 3627 4708 contextu
3672 4632 3903 4723 fusco,
3954 4630 4136 4732 pileo
4188 4628 4502 4703 umbrino

1453 4759 2148 4860 leproso-tomentoso
2214 4762 2478 4860 postice
2562 4757 2901 4856 glabrato,
2973 4755 3162 4854 poris
3233 4754 3496 4827 minutis
3576 4752 3880 4827 rotundis
3933 4748 4229 4853 pallidis,
4286 4759 4494 4820 trama

1452 4881 1631 4951 tenui
1680 4880 1887 4952 fusca.
1990 4876 2068 4952 In
2143 4879 2543 4953 collectione
2610 4872 2886 4949 Berkel.
2959 4870 3246 4945 vidimus
3308 4872 3642 4968 sormam
3713 4883 3919 4943 totam
3983 4878 4496 4971 resupinatam,

1457 5010 1650 5072 extus
1696 4995 1985 5070 offerens
2036 4996 2241 5068 modo
2296 4996 2680 5098 hymenium
2732 4992 3072 5093 pallidum.

1255 5158 1352 5224 56.
1459 5147 1538 5222 P.
1593 5146 1980 5245 (Come.)
2028 5163 2618 5221 monomAcssus.
2717 5137 2961 5217 Barka
3002 5140 3089 5214 Ρ.
3134 5135 3554 5240 intybaceus.
3595 5136 3808 5213 Berk.
3844 5134 3921 5212 in
3961 5131 4215 5211 Hook.
4257 5127 4493 5207 Lond.

1457 5265 1710 5341 Journ.
1769 5264 1823 5339 Ι.
1882 5287 1955 5363 p.
2009 5267 2152 5338 449.
