<?xml version="1.0" encoding="UTF-8"?>
<!DOCTYPE html PUBLIC "-//W3C//DTD XHTML 1.0 Transitional//EN"
    "http://www.w3.org/TR/xhtml1/DTD/xhtml1-transitional.dtd">
<html xmlns="http://www.w3.org/1999/xhtml" xml:lang="en" lang="en">
 <head>
  <title>
</title>
<meta http-equiv="Content-Type" content="text/html;charset=utf-8" />
  <meta name='ocr-system' content='tesseract 3.04.00' />
  <meta name='ocr-capabilities' content='ocr_page ocr_carea ocr_par ocr_line ocrx_word'/>
</head>
<body>
  <div class='ocr_page' id='page_1' title='image "./novaactaregiaes00uppsgoog_0072.png"; bbox 0 0 4984 6517; ppageno 0'>
   <div class='ocr_carea' id='block_1_1' title="bbox 1389 530 1506 614">
    <p class='ocr_par' dir='ltr' id='par_1_1' title="bbox 1389 530 1506 614">
     <span class='ocr_line' id='line_1_1' title="bbox 1389 530 1506 614; baseline 0 0"><span class='ocrx_word' id='word_1_1' title='bbox 1389 530 1506 614; x_wconf 78' lang='lat'>56</span> 
     </span>
    </p>
   </div>
   <div class='ocr_carea' id='block_1_2' title="bbox 1274 741 4520 853">
    <p class='ocr_par' dir='ltr' id='par_1_2' title="bbox 1274 741 4520 853">
     <span class='ocr_line' id='line_1_2' title="bbox 1274 741 4520 853; baseline 0.004 -37"><span class='ocrx_word' id='word_1_2' title='bbox 1274 752 1380 817; x_wconf 70' lang='lat'>22.</span> <span class='ocrx_word' id='word_1_3' title='bbox 1494 743 1572 816; x_wconf 88' lang='lat' dir='ltr'>P.</span> <span class='ocrx_word' id='word_1_4' title='bbox 1628 741 2000 844; x_wconf 70' lang='lat' dir='ltr'>(Hxsmm)</span> <span class='ocrx_word' id='word_1_5' title='bbox 2042 742 2525 823; x_wconf 70' lang='lat' dir='ltr'>Jtmcmmnn</span> <span class='ocrx_word' id='word_1_6' title='bbox 2545 806 2562 834; x_wconf 90' lang='lat'><em>,</em></span> <span class='ocrx_word' id='word_1_7' title='bbox 2612 745 2809 848; x_wconf 90' lang='lat' dir='ltr'>pileo</span> <span class='ocrx_word' id='word_1_8' title='bbox 2861 747 3616 852; x_wconf 53' lang='lat' dir='ltr'>spongiosoaearnoso</span> <span class='ocrx_word' id='word_1_9' title='bbox 3670 749 4039 851; x_wconf 87' lang='lat' dir='ltr'>pulvinato</span> <span class='ocrx_word' id='word_1_10' title='bbox 4103 751 4520 853; x_wconf 82' lang='lat' dir='ltr'>inaequabili</span> 
     </span>
    </p>
   </div>
   <div class='ocr_carea' id='block_1_3' title="bbox 1281 4422 1384 4488">
    <p class='ocr_par' dir='ltr' id='par_1_3' title="bbox 1281 4422 1384 4488">
     <span class='ocr_line' id='line_1_3' title="bbox 1281 4422 1384 4488; baseline -0.019 0"><span class='ocrx_word' id='word_1_11' title='bbox 1281 4422 1384 4488; x_wconf 72' lang='lat'>24.</span> 
     </span>
    </p>
   </div>
   <div class='ocr_carea' id='block_1_4' title="bbox 1480 856 4520 1059">
    <p class='ocr_par' dir='ltr' id='par_1_4' title="bbox 1480 856 4520 1059">
     <span class='ocr_line' id='line_1_4' title="bbox 1480 856 4520 973; baseline 0.004 -39"><span class='ocrx_word' id='word_1_12' title='bbox 1480 856 1768 961; x_wconf 87' lang='lat' dir='ltr'>hispido</span> <span class='ocrx_word' id='word_1_13' title='bbox 1826 860 2308 950; x_wconf 87' lang='lat' dir='ltr'>sublateritio,</span> <span class='ocrx_word' id='word_1_14' title='bbox 2364 864 2565 939; x_wconf 90' lang='lat' dir='ltr'>sicco</span> <span class='ocrx_word' id='word_1_15' title='bbox 2620 864 2987 941; x_wconf 81' lang='lat' dir='ltr'>suberoso</span> <span class='ocrx_word' id='word_1_16' title='bbox 3038 866 3240 943; x_wconf 90' lang='lat' dir='ltr'>molli</span> <span class='ocrx_word' id='word_1_17' title='bbox 3259 927 3278 955; x_wconf 86' lang='lat'><em>,</em></span> <span class='ocrx_word' id='word_1_18' title='bbox 3373 870 3733 972; x_wconf 83' lang='lat' dir='ltr'>margine,</span> <span class='ocrx_word' id='word_1_19' title='bbox 3789 877 4139 945; x_wconf 86' lang='lat' dir='ltr'>contextu</span> <span class='ocrx_word' id='word_1_20' title='bbox 4189 870 4520 973; x_wconf 83' lang='lat' dir='ltr'>porisque</span> 
     </span>
     <span class='ocr_line' id='line_1_5' title="bbox 1484 976 3010 1059; baseline 0.004 -7"><span class='ocrx_word' id='word_1_21' title='bbox 1484 976 1817 1053; x_wconf 86' lang='lat' dir='ltr'>rotundis</span> <span class='ocrx_word' id='word_1_22' title='bbox 1868 978 2180 1053; x_wconf 89' lang='lat' dir='ltr'>minimis</span> <span class='ocrx_word' id='word_1_23' title='bbox 2236 981 2756 1058; x_wconf 86' lang='lat' dir='ltr'>secedentibus</span> <span class='ocrx_word' id='word_1_24' title='bbox 2807 982 3010 1059; x_wconf 90' lang='lat' dir='ltr'>albis.</span> 
     </span>
    </p>
   </div>
   <div class='ocr_carea' id='block_1_5' title="bbox 1582 1090 4366 1318">
    <p class='ocr_par' dir='ltr' id='par_1_5' title="bbox 1582 1090 4366 1318">
     <span class='ocr_line' id='line_1_6' title="bbox 1582 1090 4366 1235; baseline 0.003 -39"><span class='ocrx_word' id='word_1_25' title='bbox 1582 1123 1665 1197; x_wconf 90' lang='lat' dir='ltr'>P.</span> <span class='ocrx_word' id='word_1_26' title='bbox 1720 1090 2193 1198; x_wconf 77' lang='lat' dir='ltr'>fusco-albus.</span> <span class='ocrx_word' id='word_1_27' title='bbox 2300 1126 2568 1223; x_wconf 76' lang='lat' dir='ltr'>Jungh.</span> <span class='ocrx_word' id='word_1_28' title='bbox 2624 1127 2782 1201; x_wconf 80' lang='lat' dir='ltr'>Jav.</span> <span class='ocrx_word' id='word_1_29' title='bbox 2825 1156 2908 1230; x_wconf 82' lang='lat' dir='ltr'>p.</span> <span class='ocrx_word' id='word_1_30' title='bbox 2959 1135 3055 1204; x_wconf 71' lang='lat'>52</span> <span class='ocrx_word' id='word_1_31' title='bbox 3103 1130 3287 1228; x_wconf 91' lang='lat' dir='ltr'>(non</span> <span class='ocrx_word' id='word_1_32' title='bbox 3329 1127 3486 1230; x_wconf 88' lang='lat' dir='ltr'>Fr.)</span> <span class='ocrx_word' id='word_1_33' title='bbox 3532 1154 3805 1205; x_wconf 88' lang='lat' dir='ltr'>nomen</span> <span class='ocrx_word' id='word_1_34' title='bbox 3866 1129 4366 1235; x_wconf 71' lang='lat' dir='ltr'>hicongruum.</span> 
     </span>
     <span class='ocr_line' id='line_1_7' title="bbox 1583 1238 2350 1318; baseline 0.004 -3"><span class='ocrx_word' id='word_1_35' title='bbox 1583 1238 1714 1315; x_wconf 91' lang='lat' dir='ltr'>Ad</span> <span class='ocrx_word' id='word_1_36' title='bbox 1753 1248 2053 1316; x_wconf 87' lang='lat' dir='ltr'>truncos</span> <span class='ocrx_word' id='word_1_37' title='bbox 2102 1243 2350 1318; x_wconf 85' lang='lat' dir='ltr'>Javae.</span> 
     </span>
    </p>
   </div>
   <div class='ocr_carea' id='block_1_6' title="bbox 1483 1381 4528 1963">
    <p class='ocr_par' dir='ltr' id='par_1_6' title="bbox 1483 1381 4528 1963">
     <span class='ocr_line' id='line_1_8' title="bbox 1584 1381 4525 1484; baseline 0.002 -28"><span class='ocrx_word' id='word_1_38' title='bbox 1584 1381 1983 1484; x_wconf 81' lang='lat' dir='ltr'><strong>Descriptio</strong></span> <span class='ocrx_word' id='word_1_39' title='bbox 2035 1382 2477 1484; x_wconf 85' lang='lat' dir='ltr'>Junghuhnii,</span> <span class='ocrx_word' id='word_1_40' title='bbox 2538 1398 2610 1458; x_wconf 90' lang='lat' dir='ltr'>ut</span> <span class='ocrx_word' id='word_1_41' title='bbox 2661 1413 2897 1459; x_wconf 88' lang='lat' dir='ltr'>omnes</span> <span class='ocrx_word' id='word_1_42' title='bbox 2948 1386 3034 1459; x_wconf 92' lang='lat' dir='ltr'>ab</span> <span class='ocrx_word' id='word_1_43' title='bbox 3079 1385 3322 1461; x_wconf 91' lang='lat' dir='ltr'>eodem</span> <span class='ocrx_word' id='word_1_44' title='bbox 3380 1385 3607 1474; x_wconf 88' lang='lat' dir='ltr'>datae,</span> <span class='ocrx_word' id='word_1_45' title='bbox 3660 1387 3856 1459; x_wconf 88' lang='lat' dir='ltr'>clara.</span> <span class='ocrx_word' id='word_1_46' title='bbox 3959 1387 4213 1462; x_wconf 88' lang='lat' dir='ltr'>Fibrae</span> <span class='ocrx_word' id='word_1_47' title='bbox 4278 1391 4525 1461; x_wconf 85' lang='lat' dir='ltr'>tenuio-</span> 
     </span>
     <span class='ocr_line' id='line_1_9' title="bbox 1483 1503 4527 1605; baseline 0.002 -30"><span class='ocrx_word' id='word_1_48' title='bbox 1483 1529 1629 1590; x_wconf 77' lang='lat' dir='ltr'>reS,</span> <span class='ocrx_word' id='word_1_49' title='bbox 1684 1529 1886 1603; x_wconf 87' lang='lat' dir='ltr'>quam</span> <span class='ocrx_word' id='word_1_50' title='bbox 1939 1504 2380 1602; x_wconf 87' lang='lat' dir='ltr'>reliquorum,</span> <span class='ocrx_word' id='word_1_51' title='bbox 2428 1504 2724 1604; x_wconf 81' lang='lat' dir='ltr'><strong>indeque</strong></span> <span class='ocrx_word' id='word_1_52' title='bbox 2777 1507 3154 1579; x_wconf 81' lang='lat' dir='ltr'>exsiccatus</span> <span class='ocrx_word' id='word_1_53' title='bbox 3205 1504 3472 1604; x_wconf 84' lang='lat' dir='ltr'>fragilis.</span> <span class='ocrx_word' id='word_1_54' title='bbox 3572 1503 3730 1579; x_wconf 89' lang='lat' dir='ltr'>Hae</span> <span class='ocrx_word' id='word_1_55' title='bbox 3781 1507 3988 1580; x_wconf 87' lang='lat' dir='ltr'>fibrae</span> <span class='ocrx_word' id='word_1_56' title='bbox 4034 1508 4099 1579; x_wconf 89' lang='lat' dir='ltr'>in</span> <span class='ocrx_word' id='word_1_57' title='bbox 4149 1504 4276 1578; x_wconf 89' lang='lat' dir='ltr'>hac</span> <span class='ocrx_word' id='word_1_58' title='bbox 4329 1508 4527 1605; x_wconf 85' lang='lat' dir='ltr'><strong>stirpe</strong></span> 
     </span>
     <span class='ocr_line' id='line_1_10' title="bbox 1485 1622 4528 1723; baseline 0.001 -27"><span class='ocrx_word' id='word_1_59' title='bbox 1485 1649 1639 1696; x_wconf 83' lang='lat' dir='ltr'>cum</span> <span class='ocrx_word' id='word_1_60' title='bbox 1691 1625 1913 1721; x_wconf 74' lang='lat' dir='ltr'>poriS,</span> <span class='ocrx_word' id='word_1_61' title='bbox 1997 1634 2295 1696; x_wconf 86' lang='lat' dir='ltr'>ceterum</span> <span class='ocrx_word' id='word_1_62' title='bbox 2364 1622 2872 1721; x_wconf 83' lang='lat' dir='ltr'>heterogeneis,</span> <span class='ocrx_word' id='word_1_63' title='bbox 2951 1624 3302 1697; x_wconf 87' lang='lat' dir='ltr'>continuae</span> <span class='ocrx_word' id='word_1_64' title='bbox 3361 1636 3551 1712; x_wconf 88' lang='lat' dir='ltr'>sunt,</span> <span class='ocrx_word' id='word_1_65' title='bbox 3642 1650 3850 1723; x_wconf 87' lang='lat' dir='ltr'>quare</span> <span class='ocrx_word' id='word_1_66' title='bbox 3904 1625 4197 1697; x_wconf 86' lang='lat' dir='ltr'>tubulosi</span> <span class='ocrx_word' id='word_1_67' title='bbox 4277 1627 4528 1723; x_wconf 78' lang='lat' dir='ltr'>absque</span> 
     </span>
     <span class='ocr_line' id='line_1_11' title="bbox 1487 1741 4528 1840; baseline 0 -27"><span class='ocrx_word' id='word_1_68' title='bbox 1487 1752 1737 1814; x_wconf 83' lang='lat' dir='ltr'>tramae</span> <span class='ocrx_word' id='word_1_69' title='bbox 1790 1743 2111 1840; x_wconf 84' lang='lat' dir='ltr'>vestigio,</span> <span class='ocrx_word' id='word_1_70' title='bbox 2159 1742 2361 1815; x_wconf 85' lang='lat' dir='ltr'>adulti</span> <span class='ocrx_word' id='word_1_71' title='bbox 2410 1768 2579 1816; x_wconf 85' lang='lat' dir='ltr'>vero</span> <span class='ocrx_word' id='word_1_72' title='bbox 2633 1743 2698 1813; x_wconf 90' lang='lat' dir='ltr'>in</span> <span class='ocrx_word' id='word_1_73' title='bbox 2755 1742 3099 1840; x_wconf 86' lang='lat' dir='ltr'>plerisque</span> <span class='ocrx_word' id='word_1_74' title='bbox 3152 1741 3588 1830; x_wconf 87' lang='lat' dir='ltr'>secedentes,</span> <span class='ocrx_word' id='word_1_75' title='bbox 3653 1745 3718 1814; x_wconf 90' lang='lat' dir='ltr'>in</span> <span class='ocrx_word' id='word_1_76' title='bbox 3768 1742 3905 1815; x_wconf 92' lang='lat' dir='ltr'>hoc</span> <span class='ocrx_word' id='word_1_77' title='bbox 3954 1768 4090 1815; x_wconf 89' lang='lat' dir='ltr'>non</span> <span class='ocrx_word' id='word_1_78' title='bbox 4147 1742 4417 1816; x_wconf 88' lang='lat' dir='ltr'>lacerati</span> <span class='ocrx_word' id='word_1_79' title='bbox 4466 1756 4528 1815; x_wconf 88' lang='lat' dir='ltr'>ut</span> 
     </span>
     <span class='ocr_line' id='line_1_12' title="bbox 1486 1856 4238 1963; baseline 0.001 -32"><span class='ocrx_word' id='word_1_80' title='bbox 1486 1862 1549 1933; x_wconf 90' lang='lat' dir='ltr'>iu</span> <span class='ocrx_word' id='word_1_81' title='bbox 1604 1862 1692 1933; x_wconf 85' lang='lat' dir='ltr'>P.</span> <span class='ocrx_word' id='word_1_82' title='bbox 1738 1856 2197 1957; x_wconf 75' lang='lat' dir='ltr'>labyrinthica</span> <span class='ocrx_word' id='word_1_83' title='bbox 2247 1857 2368 1933; x_wconf 85' lang='lat' dir='ltr'>Fr.</span> <span class='ocrx_word' id='word_1_84' title='bbox 2420 1858 2531 1932; x_wconf 89' lang='lat' dir='ltr'>El.</span> <span class='ocrx_word' id='word_1_85' title='bbox 2587 1887 2656 1959; x_wconf 89' lang='lat' dir='ltr'>p.</span> <span class='ocrx_word' id='word_1_86' title='bbox 2705 1866 2788 1933; x_wconf 88' lang='grc'>83</span> <span class='ocrx_word' id='word_1_87' title='bbox 2832 1888 2885 1932; x_wconf 89' lang='lat' dir='ltr'>s.</span> <span class='ocrx_word' id='word_1_88' title='bbox 2946 1860 3428 1935; x_wconf 77' lang='lat' dir='ltr'>Ststotremate</span> <span class='ocrx_word' id='word_1_89' title='bbox 3480 1871 3840 1963; x_wconf 71' lang='lat' dir='ltr'>spongioso</span> <span class='ocrx_word' id='word_1_90' title='bbox 3896 1857 4238 1935; x_wconf 75' lang='lat' dir='ltr'>Schwein.</span> 
     </span>
    </p>
   </div>
   <div class='ocr_carea' id='block_1_7' title="bbox 1492 2006 4526 2212">
    <p class='ocr_par' dir='ltr' id='par_1_7' title="bbox 1492 2006 4526 2212">
     <span class='ocr_line' id='line_1_13' title="bbox 1492 2006 4526 2111; baseline 0 -30"><span class='ocrx_word' id='word_1_91' title='bbox 1492 2009 1569 2082; x_wconf 88' lang='lat' dir='ltr'>P.</span> <span class='ocrx_word' id='word_1_92' title='bbox 1636 2011 2007 2111; x_wconf 77' lang='lat' dir='ltr'>(Hlsmm)</span> <span class='ocrx_word' id='word_1_93' title='bbox 2062 2008 2564 2084; x_wconf 63' lang='lat' dir='ltr'>Smpnwros.</span> <span class='ocrx_word' id='word_1_94' title='bbox 2672 2006 2783 2081; x_wconf 89' lang='lat' dir='ltr'>El.</span> <span class='ocrx_word' id='word_1_95' title='bbox 2835 2032 2903 2108; x_wconf 88' lang='lat' dir='ltr'>p.</span> <span class='ocrx_word' id='word_1_96' title='bbox 2962 2015 3103 2083; x_wconf 70' lang='lat'>⁴32.</span> <span class='ocrx_word' id='word_1_97' title='bbox 3160 2011 3591 2085; x_wconf 72' lang='lat' dir='ltr'>Sistotrema.</span> <span class='ocrx_word' id='word_1_98' title='bbox 3645 2008 4042 2085; x_wconf 82' lang='lat' dir='ltr'>Schwein.!</span> <span class='ocrx_word' id='word_1_99' title='bbox 4098 2010 4259 2085; x_wconf 85' lang='lat' dir='ltr'>Car.</span> <span class='ocrx_word' id='word_1_100' title='bbox 4291 2035 4360 2085; x_wconf 90' lang='lat' dir='ltr'>n.</span> <span class='ocrx_word' id='word_1_101' title='bbox 4391 2017 4526 2084; x_wconf 65' lang='lat'>954.</span> 
     </span>
     <span class='ocr_line' id='line_1_14' title="bbox 1585 2108 2834 2212; baseline 0 -28"><span class='ocrx_word' id='word_1_102' title='bbox 1585 2111 1671 2185; x_wconf 86' lang='lat' dir='ltr'>ln</span> <span class='ocrx_word' id='word_1_103' title='bbox 1723 2134 1956 2212; x_wconf 85' lang='lat' dir='ltr'>regno</span> <span class='ocrx_word' id='word_1_104' title='bbox 2008 2108 2424 2184; x_wconf 87' lang='lat' dir='ltr'>Mexicano.</span> <span class='ocrx_word' id='word_1_105' title='bbox 2479 2110 2834 2207; x_wconf 63' lang='lat' dir='ltr'>Hffgberg.</span> 
     </span>
    </p>
   </div>
   <div class='ocr_carea' id='block_1_8' title="bbox 2090 2257 3720 2360">
    <p class='ocr_par' dir='ltr' id='par_1_8' title="bbox 2090 2257 3720 2360">
     <span class='ocr_line' id='line_1_15' title="bbox 2090 2257 3720 2360; baseline 0.001 -28"><span class='ocrx_word' id='word_1_106' title='bbox 2090 2258 2321 2359; x_wconf 89' lang='lat' dir='ltr'>Stirps</span> <span class='ocrx_word' id='word_1_107' title='bbox 2369 2257 2453 2333; x_wconf 93' lang='lat' dir='ltr'>N.</span> <span class='ocrx_word' id='word_1_108' title='bbox 2561 2259 2965 2337; x_wconf 73' lang='lat' dir='ltr'>Summosl.</span> <span class='ocrx_word' id='word_1_109' title='bbox 3068 2258 3308 2360; x_wconf 89' lang='lat' dir='ltr'>Epicr.</span> <span class='ocrx_word' id='word_1_110' title='bbox 3352 2265 3604 2334; x_wconf 74' lang='lat'><strong>⁴33—⁴</strong></span> <span class='ocrx_word' id='word_1_111' title='bbox 3620 2267 3720 2334; x_wconf 70' lang='lat'>43.</span> 
     </span>
    </p>
   </div>
   <div class='ocr_carea' id='block_1_9' title="bbox 1393 2402 4534 2625">
    <p class='ocr_par' dir='ltr' id='par_1_9' title="bbox 1393 2402 4534 2625">
     <span class='ocr_line' id='line_1_16' title="bbox 1393 2402 4533 2509; baseline 0.003 -33"><span class='ocrx_word' id='word_1_112' title='bbox 1393 2405 1425 2437; x_wconf 77' lang='lat'><em>⁰</em></span> <span class='ocrx_word' id='word_1_113' title='bbox 1482 2404 1561 2477; x_wconf 88' lang='lat' dir='ltr'>P.</span> <span class='ocrx_word' id='word_1_114' title='bbox 1616 2402 1969 2506; x_wconf 69' lang='lat' dir='ltr'>(Suum.)</span> <span class='ocrx_word' id='word_1_115' title='bbox 2012 2405 2488 2491; x_wconf 62' lang='lat' dir='ltr'>Examen,</span> <span class='ocrx_word' id='word_1_116' title='bbox 2539 2402 2958 2492; x_wconf 86' lang='lat' dir='ltr'>latissimus,</span> <span class='ocrx_word' id='word_1_117' title='bbox 3011 2404 3206 2506; x_wconf 90' lang='lat' dir='ltr'>pileo</span> <span class='ocrx_word' id='word_1_118' title='bbox 3257 2404 3621 2480; x_wconf 81' lang='lat' dir='ltr'>suberoso</span> <span class='ocrx_word' id='word_1_119' title='bbox 3672 2405 3871 2479; x_wconf 86' lang='lat' dir='ltr'>tenui</span> <span class='ocrx_word' id='word_1_120' title='bbox 3905 2405 4243 2509; x_wconf 89' lang='lat' dir='ltr'>utrinque</span> <span class='ocrx_word' id='word_1_121' title='bbox 4291 2407 4533 2509; x_wconf 87' lang='lat' dir='ltr'>appla·</span> 
     </span>
     <span class='ocr_line' id='line_1_17' title="bbox 1428 2521 4534 2625; baseline 0.001 -28"><span class='ocrx_word' id='word_1_122' title='bbox 1428 2592 1433 2597; x_wconf 82' lang='lat'><strong>.</strong></span> <span class='ocrx_word' id='word_1_123' title='bbox 1483 2529 1655 2596; x_wconf 89' lang='lat' dir='ltr'>nato</span> <span class='ocrx_word' id='word_1_124' title='bbox 1702 2521 2316 2624; x_wconf 85' lang='lat' dir='ltr'>longitudinaliter</span> <span class='ocrx_word' id='word_1_125' title='bbox 2366 2548 2643 2625; x_wconf 83' lang='lat' dir='ltr'>rugoso</span> <span class='ocrx_word' id='word_1_126' title='bbox 2712 2522 2970 2624; x_wconf 87' lang='lat' dir='ltr'>glabro</span> <span class='ocrx_word' id='word_1_127' title='bbox 3026 2521 3355 2598; x_wconf 89' lang='lat' dir='ltr'>alutaceo</span> <span class='ocrx_word' id='word_1_128' title='bbox 3382 2583 3400 2611; x_wconf 90' lang='lat'><strong>,</strong></span> <span class='ocrx_word' id='word_1_129' title='bbox 3459 2522 3784 2625; x_wconf 83' lang='lat' dir='ltr'>margine</span> <span class='ocrx_word' id='word_1_130' title='bbox 3856 2531 4071 2598; x_wconf 85' lang='lat' dir='ltr'>acuto</span> <span class='ocrx_word' id='word_1_131' title='bbox 4154 2524 4534 2602; x_wconf 89' lang='lat' dir='ltr'>undulato-</span> 
     </span>
    </p>
   </div>
   <div class='ocr_carea' id='block_1_10' title="bbox 1485 2638 4439 2742">
    <p class='ocr_par' dir='ltr' id='par_1_10' title="bbox 1485 2638 4439 2742">
     <span class='ocr_line' id='line_1_18' title="bbox 1485 2638 4439 2742; baseline 0.002 -29"><span class='ocrx_word' id='word_1_132' title='bbox 1485 2638 1769 2727; x_wconf 89' lang='lat' dir='ltr'>lobato,</span> <span class='ocrx_word' id='word_1_133' title='bbox 1816 2649 2169 2717; x_wconf 85' lang='lat' dir='ltr'>contextu</span> <span class='ocrx_word' id='word_1_134' title='bbox 2219 2640 2570 2742; x_wconf 89' lang='lat' dir='ltr'>porisque</span> <span class='ocrx_word' id='word_1_135' title='bbox 2628 2641 2911 2716; x_wconf 86' lang='lat' dir='ltr'>tenellis</span> <span class='ocrx_word' id='word_1_136' title='bbox 2963 2640 3305 2717; x_wconf 90' lang='lat' dir='ltr'>mollibus</span> <span class='ocrx_word' id='word_1_137' title='bbox 3355 2639 3864 2742; x_wconf 78' lang='lat' dir='ltr'>inaequalibus</span> <span class='ocrx_word' id='word_1_138' title='bbox 3914 2640 4439 2741; x_wconf 81' lang='lat' dir='ltr'>pallidioribuS.</span> 
     </span>
    </p>
   </div>
   <div class='ocr_carea' id='block_1_11' title="bbox 1484 2793 4534 3015">
    <p class='ocr_par' dir='ltr' id='par_1_11' title="bbox 1484 2793 4534 3015">
     <span class='ocr_line' id='line_1_19' title="bbox 1584 2793 4534 2898; baseline 0.002 -28"><span class='ocrx_word' id='word_1_139' title='bbox 1584 2795 1705 2870; x_wconf 87' lang='lat' dir='ltr'>Ex</span> <span class='ocrx_word' id='word_1_140' title='bbox 1756 2796 1985 2871; x_wconf 89' lang='lat' dir='ltr'>Herb.</span> <span class='ocrx_word' id='word_1_141' title='bbox 2041 2796 2559 2898; x_wconf 82' lang='lat' dir='ltr'>Berkeleyauo</span> <span class='ocrx_word' id='word_1_142' title='bbox 2575 2854 2592 2879; x_wconf 87' lang='lat'>‚</span> <span class='ocrx_word' id='word_1_143' title='bbox 2674 2794 2831 2870; x_wconf 88' lang='lat' dir='ltr'>sine</span> <span class='ocrx_word' id='word_1_144' title='bbox 2897 2795 3194 2871; x_wconf 89' lang='lat' dir='ltr'>nomine</span> <span class='ocrx_word' id='word_1_145' title='bbox 3275 2819 3442 2869; x_wconf 89' lang='lat' dir='ltr'>cum</span> <span class='ocrx_word' id='word_1_146' title='bbox 3490 2793 3993 2896; x_wconf 82' lang='lat' dir='ltr'>inscriptione:</span> <span class='ocrx_word' id='word_1_147' title='bbox 4075 2795 4141 2869; x_wconf 91' lang='lat' dir='ltr'>E</span> <span class='ocrx_word' id='word_1_148' title='bbox 4195 2798 4534 2875; x_wconf 85' lang='lat' dir='ltr'>Carolina</span> 
     </span>
     <span class='ocr_line' id='line_1_20' title="bbox 1484 2913 2038 3015; baseline -0.002 -26"><span class='ocrx_word' id='word_1_149' title='bbox 1484 2913 1848 3015; x_wconf 86' lang='lat' dir='ltr'>superiori</span> <span class='ocrx_word' id='word_1_150' title='bbox 1895 2921 2038 2988; x_wconf 67' lang='lat'>547.</span> 
     </span>
    </p>
   </div>
   <div class='ocr_carea' id='block_1_12' title="bbox 1486 3058 4544 4347">
    <p class='ocr_par' dir='ltr' id='par_1_12' title="bbox 1486 3058 4544 4347">
     <span class='ocr_line' id='line_1_21' title="bbox 1587 3058 4537 3165; baseline 0 -30"><span class='ocrx_word' id='word_1_151' title='bbox 1587 3061 2073 3137; x_wconf 85' lang='lat' dir='ltr'>Nobilissimus</span> <span class='ocrx_word' id='word_1_152' title='bbox 2123 3065 2296 3136; x_wconf 89' lang='lat' dir='ltr'>inter</span> <span class='ocrx_word' id='word_1_153' title='bbox 2347 3089 2586 3137; x_wconf 88' lang='lat' dir='ltr'>omnes</span> <span class='ocrx_word' id='word_1_154' title='bbox 2632 3063 2789 3135; x_wconf 88' lang='lat' dir='ltr'>mihi</span> <span class='ocrx_word' id='word_1_155' title='bbox 2842 3063 3154 3161; x_wconf 85' lang='lat' dir='ltr'>cognitos</span> <span class='ocrx_word' id='word_1_156' title='bbox 3207 3058 3637 3165; x_wconf 85' lang='lat' dir='ltr'>Polyporos,</span> <span class='ocrx_word' id='word_1_157' title='bbox 3687 3087 3888 3161; x_wconf 88' lang='lat' dir='ltr'>quem</span> <span class='ocrx_word' id='word_1_158' title='bbox 3963 3087 4131 3135; x_wconf 85' lang='lat' dir='ltr'>vero</span> <span class='ocrx_word' id='word_1_159' title='bbox 4178 3086 4215 3132; x_wconf 91' lang='lat' dir='ltr'>a</span> <span class='ocrx_word' id='word_1_160' title='bbox 4268 3058 4537 3135; x_wconf 83' lang='lat' dir='ltr'>Berke·</span> 
     </span>
     <span class='ocr_line' id='line_1_22' title="bbox 1486 3178 4538 3284; baseline -0.001 -30"><span class='ocrx_word' id='word_1_161' title='bbox 1486 3183 1645 3284; x_wconf 87' lang='lat' dir='ltr'>leyo</span> <span class='ocrx_word' id='word_1_162' title='bbox 1713 3208 1849 3254; x_wconf 89' lang='lat' dir='ltr'>non</span> <span class='ocrx_word' id='word_1_163' title='bbox 1916 3182 2329 3282; x_wconf 89' lang='lat' dir='ltr'>descriptum</span> <span class='ocrx_word' id='word_1_164' title='bbox 2409 3184 2666 3270; x_wconf 87' lang='lat' dir='ltr'>inveni,</span> <span class='ocrx_word' id='word_1_165' title='bbox 2722 3206 2929 3280; x_wconf 88' lang='lat' dir='ltr'>quare</span> <span class='ocrx_word' id='word_1_166' title='bbox 3005 3181 3381 3279; x_wconf 85' lang='lat' dir='ltr'>provisorie</span> <span class='ocrx_word' id='word_1_167' title='bbox 3441 3180 3507 3254; x_wconf 86' lang='lat' dir='ltr'>h.</span> <span class='ocrx_word' id='word_1_168' title='bbox 3558 3181 3599 3253; x_wconf 93' lang='lat' dir='ltr'>l.</span> <span class='ocrx_word' id='word_1_169' title='bbox 3650 3183 3938 3255; x_wconf 89' lang='lat' dir='ltr'>inseram</span> <span class='ocrx_word' id='word_1_170' title='bbox 4012 3181 4311 3279; x_wconf 85' lang='lat' dir='ltr'>speciem</span> <span class='ocrx_word' id='word_1_171' title='bbox 4365 3178 4538 3252; x_wconf 85' lang='lat' dir='ltr'>hanc</span> 
     </span>
     <span class='ocr_line' id='line_1_23' title="bbox 1488 3296 4539 3399; baseline -0.001 -26"><span class='ocrx_word' id='word_1_172' title='bbox 1488 3302 1765 3399; x_wconf 81' lang='lat' dir='ltr'>stirpem</span> <span class='ocrx_word' id='word_1_173' title='bbox 1821 3303 2060 3375; x_wconf 82' lang='lat' dir='ltr'>eximie</span> <span class='ocrx_word' id='word_1_174' title='bbox 2107 3301 2562 3375; x_wconf 79' lang='lat' dir='ltr'>illustrantem.</span> <span class='ocrx_word' id='word_1_175' title='bbox 2666 3296 3112 3399; x_wconf 83' lang='lat' dir='ltr'>Segmentum</span> <span class='ocrx_word' id='word_1_176' title='bbox 3168 3299 3551 3372; x_wconf 89' lang='lat' dir='ltr'>diametrale</span> <span class='ocrx_word' id='word_1_177' title='bbox 3604 3298 3794 3398; x_wconf 88' lang='lat' dir='ltr'>pilei,</span> <span class='ocrx_word' id='word_1_178' title='bbox 3862 3297 4048 3398; x_wconf 92' lang='lat' dir='ltr'>quod</span> <span class='ocrx_word' id='word_1_179' title='bbox 4111 3298 4337 3385; x_wconf 86' lang='lat' dir='ltr'>adest,</span> <span class='ocrx_word' id='word_1_180' title='bbox 4395 3298 4539 3372; x_wconf 86' lang='lat' dir='ltr'>sere</span> 
     </span>
     <span class='ocr_line' id='line_1_24' title="bbox 1486 3418 4539 3520; baseline -0.001 -27"><span class='ocrx_word' id='word_1_181' title='bbox 1486 3418 1764 3519; x_wconf 89' lang='lat' dir='ltr'>pedale,</span> <span class='ocrx_word' id='word_1_182' title='bbox 1822 3420 2073 3519; x_wconf 89' lang='lat' dir='ltr'>ubique</span> <span class='ocrx_word' id='word_1_183' title='bbox 2124 3420 2489 3520; x_wconf 88' lang='lat' dir='ltr'>aequaliter</span> <span class='ocrx_word' id='word_1_184' title='bbox 2541 3421 2607 3518; x_wconf 55' lang='grc' dir='ltr'>(ᾖ</span> <span class='ocrx_word' id='word_1_185' title='bbox 2659 3422 2843 3519; x_wconf 86' lang='lat' dir='ltr'>unc.)</span> <span class='ocrx_word' id='word_1_186' title='bbox 2900 3446 3234 3506; x_wconf 87' lang='lat' dir='ltr'>crassum,</span> <span class='ocrx_word' id='word_1_187' title='bbox 3305 3419 3611 3516; x_wconf 80' lang='lat' dir='ltr'>utrinque</span> <span class='ocrx_word' id='word_1_188' title='bbox 3687 3418 4142 3516; x_wconf 86' lang='lat' dir='ltr'>planissimum</span> <span class='ocrx_word' id='word_1_189' title='bbox 4164 3474 4182 3502; x_wconf 88' lang='lat'>‚</span> <span class='ocrx_word' id='word_1_190' title='bbox 4238 3419 4539 3515; x_wconf 82' lang='lat' dir='ltr'>margine</span> 
     </span>
     <span class='ocr_line' id='line_1_25' title="bbox 1489 3534 4540 3636; baseline -0 -27"><span class='ocrx_word' id='word_1_191' title='bbox 1489 3541 1555 3610; x_wconf 89' lang='lat' dir='ltr'>in</span> <span class='ocrx_word' id='word_1_192' title='bbox 1627 3536 1829 3610; x_wconf 88' lang='lat' dir='ltr'>lobos</span> <span class='ocrx_word' id='word_1_193' title='bbox 1904 3538 2156 3611; x_wconf 79' lang='lat' dir='ltr'>breves</span> <span class='ocrx_word' id='word_1_194' title='bbox 2226 3539 2460 3611; x_wconf 87' lang='lat' dir='ltr'>inciso.</span> <span class='ocrx_word' id='word_1_195' title='bbox 2593 3534 3011 3636; x_wconf 86' lang='lat' dir='ltr'>Superflcies</span> <span class='ocrx_word' id='word_1_196' title='bbox 3085 3537 3366 3611; x_wconf 88' lang='lat' dir='ltr'>cuticula</span> <span class='ocrx_word' id='word_1_197' title='bbox 3418 3537 3632 3623; x_wconf 87' lang='lat' dir='ltr'>tenui,</span> <span class='ocrx_word' id='word_1_198' title='bbox 3682 3548 3863 3610; x_wconf 89' lang='lat' dir='ltr'>arcte</span> <span class='ocrx_word' id='word_1_199' title='bbox 3910 3535 4148 3609; x_wconf 87' lang='lat' dir='ltr'>adnata</span> <span class='ocrx_word' id='word_1_200' title='bbox 4198 3546 4270 3609; x_wconf 86' lang='lat' dir='ltr'>et</span> <span class='ocrx_word' id='word_1_201' title='bbox 4314 3537 4540 3634; x_wconf 87' lang='lat' dir='ltr'>persi-</span> 
     </span>
     <span class='ocr_line' id='line_1_26' title="bbox 1487 3653 4541 3755; baseline -0.001 -26"><span class='ocrx_word' id='word_1_202' title='bbox 1487 3667 1706 3729; x_wconf 84' lang='lat' dir='ltr'>stente</span> <span class='ocrx_word' id='word_1_203' title='bbox 1756 3666 1967 3742; x_wconf 86' lang='lat' dir='ltr'>tecta,</span> <span class='ocrx_word' id='word_1_204' title='bbox 2018 3654 2581 3754; x_wconf 85' lang='lat' dir='ltr'>longitudinaliter</span> <span class='ocrx_word' id='word_1_205' title='bbox 2631 3668 2702 3730; x_wconf 92' lang='lat' dir='ltr'>et</span> <span class='ocrx_word' id='word_1_206' title='bbox 2752 3656 3038 3755; x_wconf 84' lang='lat' dir='ltr'>abrupte</span> <span class='ocrx_word' id='word_1_207' title='bbox 3089 3653 3664 3754; x_wconf 85' lang='lat' dir='ltr'>radiato-rugosa,</span> <span class='ocrx_word' id='word_1_208' title='bbox 3706 3679 3915 3754; x_wconf 88' lang='lat' dir='ltr'>saepe</span> <span class='ocrx_word' id='word_1_209' title='bbox 3970 3679 4243 3754; x_wconf 88' lang='lat' dir='ltr'>quoque</span> <span class='ocrx_word' id='word_1_210' title='bbox 4287 3655 4541 3726; x_wconf 88' lang='lat' dir='ltr'>minute</span> 
     </span>
     <span class='ocr_line' id='line_1_27' title="bbox 1486 3768 4543 3872; baseline -0.001 -24"><span class='ocrx_word' id='word_1_211' title='bbox 1486 3774 2204 3872; x_wconf 80' lang='lat' dir='ltr'>ruguloso-scabrosa,</span> <span class='ocrx_word' id='word_1_212' title='bbox 2282 3787 2580 3847; x_wconf 90' lang='lat' dir='ltr'>ceterum</span> <span class='ocrx_word' id='word_1_213' title='bbox 2650 3774 2919 3872; x_wconf 85' lang='lat' dir='ltr'>glabra,</span> <span class='ocrx_word' id='word_1_214' title='bbox 2999 3775 3292 3847; x_wconf 84' lang='lat' dir='ltr'>obscure</span> <span class='ocrx_word' id='word_1_215' title='bbox 3381 3772 3696 3846; x_wconf 88' lang='lat' dir='ltr'>alutacea.</span> <span class='ocrx_word' id='word_1_216' title='bbox 3837 3768 4228 3846; x_wconf 82' lang='lat' dir='ltr'>Substantia</span> <span class='ocrx_word' id='word_1_217' title='bbox 4303 3784 4543 3859; x_wconf 83' lang='lat' dir='ltr'>tenax,</span> 
     </span>
     <span class='ocr_line' id='line_1_28' title="bbox 1489 3890 4541 3990; baseline -0.001 -25"><span class='ocrx_word' id='word_1_218' title='bbox 1489 3917 1730 3965; x_wconf 85' lang='lat' dir='ltr'>recens</span> <span class='ocrx_word' id='word_1_219' title='bbox 1804 3893 2022 3966; x_wconf 91' lang='lat' dir='ltr'>mollis</span> <span class='ocrx_word' id='word_1_220' title='bbox 2105 3891 2399 3980; x_wconf 89' lang='lat' dir='ltr'>videtur,</span> <span class='ocrx_word' id='word_1_221' title='bbox 2479 3892 2662 3964; x_wconf 89' lang='lat' dir='ltr'>sicca</span> <span class='ocrx_word' id='word_1_222' title='bbox 2733 3918 2898 3965; x_wconf 88' lang='lat' dir='ltr'>vero</span> <span class='ocrx_word' id='word_1_223' title='bbox 2979 3892 3340 3979; x_wconf 88' lang='lat' dir='ltr'>suberosa,</span> <span class='ocrx_word' id='word_1_224' title='bbox 3389 3917 3520 3965; x_wconf 90' lang='lat' dir='ltr'>nec</span> <span class='ocrx_word' id='word_1_225' title='bbox 3589 3891 3882 3990; x_wconf 84' lang='lat' dir='ltr'>lignosa,</span> <span class='ocrx_word' id='word_1_226' title='bbox 3937 3903 4252 3964; x_wconf 87' lang='lat' dir='ltr'>contextu</span> <span class='ocrx_word' id='word_1_227' title='bbox 4317 3890 4541 3988; x_wconf 85' lang='lat' dir='ltr'>longi-</span> 
     </span>
     <span class='ocr_line' id='line_1_29' title="bbox 1491 4006 4544 4109; baseline 0 -27"><span class='ocrx_word' id='word_1_228' title='bbox 1491 4009 1864 4084; x_wconf 87' lang='lat' dir='ltr'>tudinaliter</span> <span class='ocrx_word' id='word_1_229' title='bbox 1915 4011 2270 4097; x_wconf 86' lang='lat' dir='ltr'>fibrilloso‚</span> <span class='ocrx_word' id='word_1_230' title='bbox 2322 4010 2616 4108; x_wconf 88' lang='lat' dir='ltr'>indeque</span> <span class='ocrx_word' id='word_1_231' title='bbox 2670 4011 2859 4109; x_wconf 87' lang='lat' dir='ltr'>poris</span> <span class='ocrx_word' id='word_1_232' title='bbox 2906 4011 3248 4109; x_wconf 90' lang='lat' dir='ltr'>opposito.</span> <span class='ocrx_word' id='word_1_233' title='bbox 3350 4006 3517 4080; x_wconf 88' lang='lat' dir='ltr'>Pori</span> <span class='ocrx_word' id='word_1_234' title='bbox 3570 4016 3754 4081; x_wconf 71' lang='grc' dir='ltr'>Ω-3</span> <span class='ocrx_word' id='word_1_235' title='bbox 3803 4009 3911 4081; x_wconf 91' lang='lat' dir='ltr'>lin.</span> <span class='ocrx_word' id='word_1_236' title='bbox 3985 4022 4056 4082; x_wconf 92' lang='lat' dir='ltr'>et</span> <span class='ocrx_word' id='word_1_237' title='bbox 4132 4011 4298 4082; x_wconf 86' lang='lat' dir='ltr'>ultra</span> <span class='ocrx_word' id='word_1_238' title='bbox 4369 4037 4544 4109; x_wconf 91' lang='lat' dir='ltr'>pro-</span> 
     </span>
     <span class='ocr_line' id='line_1_30' title="bbox 1487 4124 4542 4228; baseline 0 -28"><span class='ocrx_word' id='word_1_239' title='bbox 1487 4127 1701 4216; x_wconf 83' lang='lat' dir='ltr'>fundi,</span> <span class='ocrx_word' id='word_1_240' title='bbox 1749 4129 2068 4228; x_wconf 83' lang='lat' dir='ltr'>angulati,</span> <span class='ocrx_word' id='word_1_241' title='bbox 2117 4128 2545 4228; x_wconf 88' lang='lat' dir='ltr'>inaequales,</span> <span class='ocrx_word' id='word_1_242' title='bbox 2597 4125 3016 4213; x_wconf 64' lang='lat' dir='ltr'>subdent-ati,</span> <span class='ocrx_word' id='word_1_243' title='bbox 3068 4138 3277 4200; x_wconf 87' lang='lat' dir='ltr'>trama</span> <span class='ocrx_word' id='word_1_244' title='bbox 3328 4152 3366 4198; x_wconf 89' lang='lat' dir='ltr'>a</span> <span class='ocrx_word' id='word_1_245' title='bbox 3417 4126 3598 4225; x_wconf 91' lang='lat' dir='ltr'>pileo</span> <span class='ocrx_word' id='word_1_246' title='bbox 3651 4127 4127 4226; x_wconf 88' lang='lat' dir='ltr'>heterogenea.</span> <span class='ocrx_word' id='word_1_247' title='bbox 4227 4124 4542 4226; x_wconf 85' lang='lat' dir='ltr'>Vegeta-</span> 
     </span>
     <span class='ocr_line' id='line_1_31' title="bbox 1486 4244 4365 4347; baseline -0 -29"><span class='ocrx_word' id='word_1_248' title='bbox 1486 4248 1684 4320; x_wconf 86' lang='lat' dir='ltr'>tionis</span> <span class='ocrx_word' id='word_1_249' title='bbox 1736 4249 2028 4320; x_wconf 85' lang='lat' dir='ltr'>rationes</span> <span class='ocrx_word' id='word_1_250' title='bbox 2078 4274 2118 4321; x_wconf 89' lang='lat' dir='ltr'>e</span> <span class='ocrx_word' id='word_1_251' title='bbox 2167 4249 2540 4347; x_wconf 87' lang='lat' dir='ltr'>specimine</span> <span class='ocrx_word' id='word_1_252' title='bbox 2591 4272 2728 4319; x_wconf 90' lang='lat' dir='ltr'>non</span> <span class='ocrx_word' id='word_1_253' title='bbox 2777 4248 2939 4318; x_wconf 75' lang='lat' dir='ltr'>satis</span> <span class='ocrx_word' id='word_1_254' title='bbox 2981 4244 3266 4343; x_wconf 86' lang='lat' dir='ltr'>liquent,</span> <span class='ocrx_word' id='word_1_255' title='bbox 3318 4244 3492 4318; x_wconf 82' lang='lat' dir='ltr'>forte</span> <span class='ocrx_word' id='word_1_256' title='bbox 3537 4247 4365 4346; x_wconf 85' lang='lat' dir='ltr'>imbricato-caespitosus.</span> 
     </span>
    </p>
   </div>
   <div class='ocr_carea' id='block_1_13' title="bbox 1486 4394 4546 4866">
    <p class='ocr_par' dir='ltr' id='par_1_13' title="bbox 1486 4394 4546 4866">
     <span class='ocr_line' id='line_1_32' title="bbox 1494 4394 4539 4512; baseline -0.002 -26"><span class='ocrx_word' id='word_1_257' title='bbox 1494 4414 1572 4486; x_wconf 91' lang='lat' dir='ltr'>P.</span> <span class='ocrx_word' id='word_1_258' title='bbox 1630 4410 1982 4512; x_wconf 64' lang='lat' dir='ltr'>(Suasa.)</span> <span class='ocrx_word' id='word_1_259' title='bbox 2037 4412 2460 4497; x_wconf 79' lang='lat' dir='ltr'>Comssus,</span> <span class='ocrx_word' id='word_1_260' title='bbox 2516 4410 2710 4510; x_wconf 90' lang='lat' dir='ltr'>pileo</span> <span class='ocrx_word' id='word_1_261' title='bbox 2761 4404 3491 4485; x_wconf 86' lang='lat' dir='ltr'>floccoso-suberoso</span> <span class='ocrx_word' id='word_1_262' title='bbox 3543 4405 3746 4482; x_wconf 88' lang='lat' dir='ltr'>molli</span> <span class='ocrx_word' id='word_1_263' title='bbox 3809 4432 4058 4483; x_wconf 87' lang='lat' dir='ltr'>crasso</span> <span class='ocrx_word' id='word_1_264' title='bbox 4129 4394 4539 4507; x_wconf 65' lang='lat' dir='ltr'>pulvinato,</span> 
     </span>
     <span class='ocr_line' id='line_1_33' title="bbox 1486 4522 4546 4628; baseline -0.001 -26"><span class='ocrx_word' id='word_1_265' title='bbox 1486 4540 1807 4625; x_wconf 74' lang='lat' dir='ltr'>margine</span> <span class='ocrx_word' id='word_1_266' title='bbox 1858 4532 2117 4603; x_wconf 79' lang='lat' dir='ltr'>tumido</span> <span class='ocrx_word' id='word_1_267' title='bbox 2170 4529 2629 4615; x_wconf 73' lang='lat' dir='ltr'>obtusissimo,</span> <span class='ocrx_word' id='word_1_268' title='bbox 2681 4526 3009 4628; x_wconf 88' lang='lat' dir='ltr'>primitus</span> <span class='ocrx_word' id='word_1_269' title='bbox 3063 4522 3376 4600; x_wconf 87' lang='lat' dir='ltr'>cuticula</span> <span class='ocrx_word' id='word_1_270' title='bbox 3422 4522 3687 4600; x_wconf 86' lang='lat' dir='ltr'>tenella</span> <span class='ocrx_word' id='word_1_271' title='bbox 3736 4524 3921 4601; x_wconf 87' lang='lat' dir='ltr'>laevi</span> <span class='ocrx_word' id='word_1_272' title='bbox 3969 4524 4311 4599; x_wconf 85' lang='lat' dir='ltr'>vernicea</span> <span class='ocrx_word' id='word_1_273' title='bbox 4387 4524 4546 4599; x_wconf 86' lang='lat' dir='ltr'>sul-</span> 
     </span>
     <span class='ocr_line' id='line_1_34' title="bbox 1489 4641 4544 4748; baseline -0.001 -29"><span class='ocrx_word' id='word_1_274' title='bbox 1489 4646 1696 4721; x_wconf 85' lang='lat' dir='ltr'>furea</span> <span class='ocrx_word' id='word_1_275' title='bbox 1743 4653 1976 4733; x_wconf 73' lang='lat' dir='ltr'>tecm,</span> <span class='ocrx_word' id='word_1_276' title='bbox 2054 4672 2291 4748; x_wconf 85' lang='lat' dir='ltr'>eaque</span> <span class='ocrx_word' id='word_1_277' title='bbox 2365 4646 2763 4721; x_wconf 88' lang='lat' dir='ltr'>secedente</span> <span class='ocrx_word' id='word_1_278' title='bbox 2837 4644 3228 4731; x_wconf 87' lang='lat' dir='ltr'>scabroso,</span> <span class='ocrx_word' id='word_1_279' title='bbox 3302 4652 3652 4719; x_wconf 87' lang='lat' dir='ltr'>contextu</span> <span class='ocrx_word' id='word_1_280' title='bbox 3729 4652 4039 4743; x_wconf 90' lang='lat' dir='ltr'>stuppeo</span> <span class='ocrx_word' id='word_1_281' title='bbox 4104 4641 4544 4717; x_wconf 88' lang='lat' dir='ltr'>mollissimo</span> 
     </span>
     <span class='ocr_line' id='line_1_35' title="bbox 1491 4760 4539 4866; baseline -0.001 -28"><span class='ocrx_word' id='word_1_282' title='bbox 1491 4763 2327 4864; x_wconf 87' lang='lat' dir='ltr'>alutaceo-pallescente‚</span> <span class='ocrx_word' id='word_1_283' title='bbox 2379 4765 2583 4865; x_wconf 88' lang='lat' dir='ltr'>poris</span> <span class='ocrx_word' id='word_1_284' title='bbox 2609 4762 2899 4838; x_wconf 88' lang='lat' dir='ltr'>minutis</span> <span class='ocrx_word' id='word_1_285' title='bbox 2946 4762 3298 4866; x_wconf 84' lang='lat' dir='ltr'>elongatis</span> <span class='ocrx_word' id='word_1_286' title='bbox 3321 4760 3679 4849; x_wconf 81' lang='lat' dir='ltr'>mollibuS,</span> <span class='ocrx_word' id='word_1_287' title='bbox 3704 4760 3895 4836; x_wconf 88' lang='lat' dir='ltr'>intus</span> <span class='ocrx_word' id='word_1_288' title='bbox 3929 4760 4539 4836; x_wconf 78' lang='lat' dir='ltr'>suscescentibus.</span> 
     </span>
    </p>
   </div>
   <div class='ocr_carea' id='block_1_14' title="bbox 1589 4885 4541 4975">
    <p class='ocr_par' dir='ltr' id='par_1_14' title="bbox 1589 4885 4541 4975">
     <span class='ocr_line' id='line_1_36' title="bbox 1589 4885 4541 4975; baseline -0.001 -3"><span class='ocrx_word' id='word_1_289' title='bbox 1589 4897 1716 4973; x_wconf 90' lang='lat' dir='ltr'>Ad</span> <span class='ocrx_word' id='word_1_290' title='bbox 1766 4898 2107 4975; x_wconf 87' lang='lat' dir='ltr'>caudices</span> <span class='ocrx_word' id='word_1_291' title='bbox 2158 4899 2518 4975; x_wconf 87' lang='lat' dir='ltr'>Cedrelae</span> <span class='ocrx_word' id='word_1_292' title='bbox 2567 4897 2921 4973; x_wconf 85' lang='lat' dir='ltr'>odoratae</span> <span class='ocrx_word' id='word_1_293' title='bbox 2972 4896 3065 4972; x_wconf 91' lang='lat' dir='ltr'>ad</span> <span class='ocrx_word' id='word_1_294' title='bbox 3114 4899 3598 4973; x_wconf 90' lang='lat' dir='ltr'>Puntarenam</span> <span class='ocrx_word' id='word_1_295' title='bbox 3621 4897 3695 4972; x_wconf 88' lang='lat' dir='ltr'>in</span> <span class='ocrx_word' id='word_1_296' title='bbox 3740 4898 3961 4972; x_wconf 86' lang='lat' dir='ltr'>Costa</span> <span class='ocrx_word' id='word_1_297' title='bbox 3997 4897 4195 4971; x_wconf 83' lang='lat' dir='ltr'>Rica.</span> <span class='ocrx_word' id='word_1_298' title='bbox 4260 4885 4541 4973; x_wconf 68' lang='lat' dir='ltr'>O‘rsted.</span> 
     </span>
    </p>
   </div>
   <div class='ocr_carea' id='block_1_15' title="bbox 1487 5032 4544 5373">
    <p class='ocr_par' dir='ltr' id='par_1_15' title="bbox 1487 5032 4544 5373">
     <span class='ocr_line' id='line_1_37' title="bbox 1586 5032 4542 5135; baseline -0 -28"><span class='ocrx_word' id='word_1_299' title='bbox 1586 5032 1983 5110; x_wconf 87' lang='lat' dir='ltr'>Portentum</span> <span class='ocrx_word' id='word_1_300' title='bbox 2042 5038 2340 5110; x_wconf 88' lang='lat' dir='ltr'>mirabile</span> <span class='ocrx_word' id='word_1_301' title='bbox 2395 5050 2462 5110; x_wconf 93' lang='lat' dir='ltr'>et</span> <span class='ocrx_word' id='word_1_302' title='bbox 2514 5035 2965 5135; x_wconf 81' lang='lat' dir='ltr'>magnitudine</span> <span class='ocrx_word' id='word_1_303' title='bbox 3018 5048 3086 5108; x_wconf 87' lang='lat' dir='ltr'>et</span> <span class='ocrx_word' id='word_1_304' title='bbox 3136 5037 3458 5135; x_wconf 87' lang='lat' dir='ltr'>ponderis</span> <span class='ocrx_word' id='word_1_305' title='bbox 3511 5035 3794 5108; x_wconf 89' lang='lat' dir='ltr'>levitate.</span> <span class='ocrx_word' id='word_1_306' title='bbox 3898 5033 4186 5134; x_wconf 84' lang='lat' dir='ltr'>Fungus</span> <span class='ocrx_word' id='word_1_307' title='bbox 4229 5034 4542 5106; x_wconf 87' lang='lat' dir='ltr'>dimidia-</span> 
     </span>
     <span class='ocr_line' id='line_1_38' title="bbox 1487 5154 4542 5251; baseline -0 -26"><span class='ocrx_word' id='word_1_308' title='bbox 1487 5167 1631 5238; x_wconf 86' lang='lat' dir='ltr'>tus,</span> <span class='ocrx_word' id='word_1_309' title='bbox 1680 5156 1967 5240; x_wconf 86' lang='lat' dir='ltr'>sessilis,</span> <span class='ocrx_word' id='word_1_310' title='bbox 2014 5155 2386 5228; x_wconf 85' lang='lat' dir='ltr'>reniformis</span> <span class='ocrx_word' id='word_1_311' title='bbox 2412 5155 2538 5228; x_wconf 84' lang='lat' dir='ltr'>sed</span> <span class='ocrx_word' id='word_1_312' title='bbox 2568 5154 2953 5243; x_wconf 73' lang='lat' dir='ltr'>tmdulatus‚</span> <span class='ocrx_word' id='word_1_313' title='bbox 3008 5157 3462 5229; x_wconf 86' lang='lat' dir='ltr'>crassissimus</span> <span class='ocrx_word' id='word_1_314' title='bbox 3508 5154 3725 5251; x_wconf 74' lang='grc'>(3-4</span> <span class='ocrx_word' id='word_1_315' title='bbox 3771 5157 3952 5250; x_wconf 88' lang='lat' dir='ltr'>unc.)</span> <span class='ocrx_word' id='word_1_316' title='bbox 4004 5155 4201 5226; x_wconf 89' lang='lat' dir='ltr'>etiam</span> <span class='ocrx_word' id='word_1_317' title='bbox 4252 5156 4318 5225; x_wconf 89' lang='lat' dir='ltr'>iu</span> <span class='ocrx_word' id='word_1_318' title='bbox 4355 5179 4542 5225; x_wconf 88' lang='lat' dir='ltr'>mar·</span> 
     </span>
     <span class='ocr_line' id='line_1_39' title="bbox 1491 5270 4544 5373; baseline -0.001 -28"><span class='ocrx_word' id='word_1_319' title='bbox 1491 5275 1647 5370; x_wconf 85' lang='lat' dir='ltr'>gine</span> <span class='ocrx_word' id='word_1_320' title='bbox 1723 5275 2187 5359; x_wconf 88' lang='lat' dir='ltr'>obtusissimo,</span> <span class='ocrx_word' id='word_1_321' title='bbox 2269 5286 2591 5347; x_wconf 83' lang='lat' dir='ltr'>contextu</span> <span class='ocrx_word' id='word_1_322' title='bbox 2643 5271 3365 5373; x_wconf 81' lang='lat' dir='ltr'>stuppeo-fomentatio</span> <span class='ocrx_word' id='word_1_323' title='bbox 3446 5271 3655 5367; x_wconf 89' lang='lat' dir='ltr'>(nullo</span> <span class='ocrx_word' id='word_1_324' title='bbox 3736 5270 3942 5344; x_wconf 88' lang='lat' dir='ltr'>modo</span> <span class='ocrx_word' id='word_1_325' title='bbox 3995 5272 4249 5347; x_wconf 85' lang='lat' dir='ltr'>fibroso</span> <span class='ocrx_word' id='word_1_326' title='bbox 4309 5284 4382 5344; x_wconf 88' lang='lat' dir='ltr'>ut</span> <span class='ocrx_word' id='word_1_327' title='bbox 4471 5273 4544 5343; x_wconf 90' lang='lat' dir='ltr'>in</span> 
     </span>
    </p>
   </div>
   <div class='ocr_carea' id='block_1_16' title="bbox 4873 1268 4878 2129">
    <p class='ocr_par' dir='ltr' id='par_1_16' title="bbox 4873 1268 4878 2129">
     <span class='ocr_line' id='line_1_40' title="bbox 4873 1268 4878 2129; baseline 0 0"><span class='ocrx_word' id='word_1_328' title='bbox 4873 1268 4878 2129; x_wconf 95' lang='lat' dir='ltr'> </span> 
     </span>
    </p>
   </div>
   <div class='ocr_carea' id='block_1_17' title="bbox 4873 3452 4879 4309">
    <p class='ocr_par' dir='ltr' id='par_1_17' title="bbox 4873 3452 4879 4309">
     <span class='ocr_line' id='line_1_41' title="bbox 4873 3452 4879 4309; baseline 0 0"><span class='ocrx_word' id='word_1_329' title='bbox 4873 3452 4879 4309; x_wconf 95' lang='lat' dir='ltr'> </span> 
     </span>
    </p>
   </div>
  </div>
 </body>
</html>
