4984 6517
3450 610 3562 696 59

645 823 825 898 dido
840 882 857 909 ,
913 824 1116 925 poris
1186 823 1457 924 stipatis
1527 822 1962 898 tenuissimis
2039 821 2426 926 elongatiS,
2491 846 2749 897 versus
2822 822 3030 900 basin
3108 821 3320 910 albis,
3385 822 3669 924 apicem

637 966 894 1017 versus
956 941 1210 1031 fuscis,
1267 967 1398 1017 ore
1451 949 1686 1016 acute.

734 1085 859 1162 Ad
911 1095 1212 1162 truncos
1265 1087 1340 1162 in
1394 1086 1614 1161 Costa
1664 1084 1860 1160 Rica.
1973 1071 2240 1159 O'rsted.

737 1233 1024 1336 Fungus
1081 1240 1147 1311 in
1198 1240 1431 1336 spiritu
1478 1237 1613 1309 vini
1676 1247 1979 1308 servatus
2025 1233 2480 1307 molliusculus
2533 1246 2704 1320 erat,
2750 1236 3124 1307 exsiccatus
3175 1260 3337 1307 vero
3394 1232 3667 1307 durissi-

636 1380 820 1442 mus,
872 1366 1256 1429 contractus
1303 1355 1511 1454 duplo
1566 1356 1811 1439 minor,
1859 1357 2042 1424 2—4
2085 1379 2235 1425 unc.
2288 1364 2667 1425 transverse
2719 1353 2905 1426 latus.
3009 1351 3265 1427 Forma
3318 1355 3667 1452 triquetra,

639 1473 788 1546 basi
841 1470 1273 1560 decurrente,
1349 1473 1502 1546 hinc
1555 1473 1886 1558 latissima,
1940 1475 2189 1544 truncis
2256 1471 2529 1558 adnata,
2585 1484 2650 1544 at
2700 1470 2890 1544 facile
2943 1470 3273 1545 secedens
3327 1483 3424 1557 et,
3481 1470 3666 1571 quod

637 1591 1007 1688 singulare,
1055 1593 1121 1663 in
1172 1590 1300 1663 hac
1327 1592 1528 1692 plaga
1557 1591 1866 1664 obsolete
1922 1589 2620 1689 peroso-reticulatus.
2718 1587 2953 1661 Pileus
3004 1590 3479 1676 anodermeus,
3526 1589 3666 1662 val-

632 1709 718 1781 de
773 1709 1082 1796 declivis,
1138 1712 1401 1808 postice
1454 1711 1738 1809 gibbus,
1813 1708 2008 1781 valde
2059 1707 2526 1807 inaequabilis,
2577 1705 2732 1778 hinc
2798 1706 2953 1780 inde
3022 1733 3296 1806 quoque
3374 1734 3666 1808 poroso-
3731 1771 3743 1783 ,

636 1828 1049 1912 reticulatum
1107 1830 1470 1901 substantia
1525 1855 1783 1913 crassa,
1835 1828 2119 1900 tenuiter
2168 1826 2452 1911 fibrosa‚
2520 1837 2746 1911 tenax,
2803 1852 3044 1915 azona,
3097 1826 3395 1899 candida.
3499 1823 3664 1899 Pori

622 1948 699 2016 iis
763 1948 843 2016 P.
899 1948 1326 2040 ligna-mentis
1395 1945 1660 2019 similes.
1760 1942 1824 2017 F
1830 1957 1973 2017 orte
2024 1956 2243 2017 tamen
2289 1947 2469 2041 juxta
2524 1946 2608 2015 P.
2644 1945 3019 2041 daejffusum,
3075 1944 3166 2017 ob
3216 1945 3463 2044 pileum
3503 1970 3666 2018 ano·

634 2064 983 2136 darianum
1027 2091 1308 2136 azonam
1355 2076 1424 2137 et
1475 2065 2045 2137 effuso-reflexum
2098 2065 2324 2163 potius
2377 2062 2791 2137 inserendus.

446 2252 530 2316 29.
646 2248 723 2320 Ρ.
783 2244 1195 2344 [LffisEch
1244 2266 1588 2319 sumnus.
1696 2242 1910 2316 Berk.
1968 2241 2167 2314 Cent.
2225 2239 2311 2313 11.
2370 2245 2510 2314 ⁴77.

735 2364 1119 2460 Specimcn
1187 2361 1393 2436 adest
1443 2360 1721 2463 absque
1771 2361 1940 2434 loco
2000 2357 2318 2432 definito,
2383 2358 2478 2456 (E
2528 2353 2904 2454 Ceylonia.
2960 2354 3358 2457 Berkeley)

736 2508 807 2578 ln
867 2512 1229 2608 specimine
1282 2521 1640 2607 praesente
1691 2509 1908 2607 pileus
1964 2506 2469 2580 semicircularis
2524 2505 2889 2603 laevigatus
2942 2504 3450 2604 polito-nitenS,
3499 2503 3663 2574 cuti-

634 2628 775 2696 cula
839 2628 1075 2696 adnata
1127 2628 1268 2700 [ere
1336 2638 1587 2713 tectus,
1676 2638 1749 2697 ut
1814 2624 1900 2697 ad
1969 2621 2364 2697 Suberosos
2418 2623 2736 2710 referreS,
2810 2634 2876 2694 at
2943 2622 3159 2722 pileus
3240 2623 3664 2694 concentrice

634 2744 923 2816 sulcatus
983 2760 1047 2816 st
1119 2748 1415 2817 siccitate
1483 2756 1883 2817 contractus.
2012 2740 2402 2816 Substantia
2473 2739 2937 2839 fulvo-pallida
3008 2743 3332 2839 purisque
3399 2740 3663 2812 minutis

634 2864 1023 2960 aequalibus
1103 2865 1362 2936 obtusis
1440 2863 1864 2961 gilvogriseis
1921 2862 2284 2959 (structura
2338 2872 2636 2932 ceterum
2692 2861 2934 2957 tribus)
2986 2887 3023 2931 a
3077 2861 3397 2958 proximis
3471 2858 3664 2931 facile

634 2984 1063 3080 dignoscitur.
1119 3026 1208 3036 —
1266 2984 1352 3054 P.
1408 2992 1700 3083 supin-us
1750 2980 1854 3052 his
1908 2980 2174 3052 videtur
2218 2979 2414 3052 valde
2469 2978 2712 3064 affiniS,
2763 2991 2832 3050 at
2881 3005 3153 3078 semper
3199 2979 3519 3077 lignosus.

450 3168 542 3232 30.
650 3160 727 3232 P.
791 3160 1208 3256 (limaeam.)
1266 3158 1738 3242 Lmnmm,
1817 3155 2012 3256 pileo
2088 3181 2131 3229 e
2209 3180 2520 3229 carnoso
2607 3153 3264 3255 lignoso-indurato
3343 3147 3659 3223 obovato

638 3276 867 3352 sessui
919 3276 1357 3376 glaber-rimo
1407 3275 1741 3351 obsolete
1794 3273 2254 3347 concentrice
2307 3272 2552 3346 striato
2604 3271 2856 3360 badi0‚
2928 3277 3274 3345 contextu
3328 3268 3525 3342 tenui
3579 3266 3662 3339 fi-

626 3396 851 3468 bross*
915 3396 1260 3496 purisque
1314 3394 1664 3496 elongatis
1719 3392 1987 3492 stipatis
2041 3391 2350 3465 minimis
2394 3391 2674 3492 pallidis
2727 3415 2858 3465 ore
2910 3386 3225 3461 rotundo
3278 3385 3609 3489 regulari.

731 3540 967 3612 variis
1003 3540 1179 3612 locis
1231 3539 1306 3614 in
1355 3565 1586 3642 regno
1639 3538 2064 3625 Mexican0,
2122 3548 2194 3614 at
2242 3566 2497 3640 parce,
2550 3551 2631 3617 ut
2655 3541 2748 3616 ad
2795 3539 3149 3629 Mirador‚
3202 3540 3483 3614 Totatla
3523 3545 3657 3612 etc.

634 3656 991 3732 Limia-nan.

735 3796 1051 3884 Minima,
1111 3812 1175 3868 at
1226 3797 1720 3871 distinctissima
1765 3825 1926 3871 suae
1978 3800 2206 3896 gregis
2260 3802 2561 3899 species,
2613 3802 2699 3872 P.
2752 3817 3071 3874 castaneo
3098 3801 3358 3887 similis,
3411 3800 3662 3899 simpli-

634 3920 795 3988 citer
847 3928 1099 4012 punctu
1159 3916 1403 3989 laterali
1457 3916 1741 4002 sessilis,
1785 3943 1913 3989 nec
1960 3917 2165 3989 latere
2216 3916 2548 4017 diagonali
2592 3920 2825 3993 basive
2880 3918 3107 3992 effusa.
3208 3916 3440 3992 Pileus
3489 3920 3660 3992 obo-

630 4048 851 4120 vatus,
911 4036 1063 4104 [lein
1115 4033 1828 4121 renisormi-dilatatus,
1891 4037 2154 4107 unciam
2205 4034 2247 4107 l.
2303 4063 2541 4135 parum
2592 4038 2761 4112 ultra
2805 4039 3015 4124 latuS,
3091 4042 3271 4110 a-3
3316 4038 3422 4110 lin.
3478 4065 3661 4111 cras-

634 4180 783 4236 sus,
839 4180 921 4224 ex
975 4156 1256 4225 maxima
1312 4179 1477 4225 vero
1530 4164 1722 4251 parte
1769 4180 1809 4226 e
1852 4155 2038 4252 poris
2094 4154 2420 4252 elongatis
2479 4155 2835 4243 formatus,
2912 4168 3063 4230 cute
3114 4155 3293 4228 haud
3341 4156 3661 4245 discreta,

634 4272 755 4344 sed
803 4272 1119 4368 rigidum,
1183 4271 1614 4369 glaberrima,
1694 4271 1929 4344 leviter
2006 4275 2430 4346 concentrice
2508 4277 2764 4360 striata,
2841 4303 3088 4374 opaca,
3156 4275 3355 4349 badia
3424 4285 3659 4348 tectus.

654 4388 1027 4460 [inmeritus
1083 4392 1403 4475 librosus,
1456 4390 1679 4475 albus,
1728 4395 1762 4487 3¹,-
1812 4392 1918 4463 lin.
1964 4416 2264 4479 crassus,
2318 4392 2408 4464 ob
2463 4394 2894 4465 substantiam
2952 4395 3173 4491 vegeti
3225 4393 3491 4466 mollem
3534 4395 3659 4465 cir-

642 4512 971 4580 cummirsa
1023 4507 1429 4580 contrahitur
1481 4521 1548 4581 et
1602 4535 1835 4607 margo
1887 4510 2171 4582 obtusus
2229 4512 2626 4583 incurvatur.
2741 4509 3151 4613 Hymenium
3202 4512 3381 4609 pileo
3435 4537 3659 4609 oppo-

638 4628 827 4696 situm
879 4640 947 4700 et
1011 4632 1278 4700 flumine
1351 4627 1913 4726 heterogeneum,
1979 4655 2018 4702 e
2079 4613 2323 4701 tubulis
2385 4628 2605 4728 longis
2674 4642 2742 4703 et
2803 4629 3156 4703 subtilibus
3216 4630 3659 4727 constipatum

642 4772 759 4816 ure
811 4744 1139 4832 ruminio,
1195 4747 1494 4844 primitus
1548 4747 1859 4819 obturato
1906 4744 2074 4820 facie
2130 4743 2386 4834 Sterei,
2435 4747 2560 4821 sed
2609 4750 2782 4821 intus
2813 4759 3135 4820 monstrat
3176 4750 3366 4821 strias
3419 4753 3659 4847 (poro-

642 4888 783 4932 rum
847 4864 1292 4962 incunabula).

1568 5039 1813 5115 Series
1866 5039 2117 5114 altera:
2173 5041 2234 5114 F
2238 5039 2527 5115 OMES.

1439 5208 1628 5282 Trib.
1683 5206 1765 5280 P.
1821 5206 2329 5281 MESOPODES.
2434 5204 2666 5304 Epicr.

747 5348 927 5424 Haec
983 5364 1047 5424 et
1095 5376 1195 5448 sq.
1247 5349 1460 5422 tribus
1535 5347 1904 5421 artificiales
1977 5359 2131 5421 sunt
2182 5358 2250 5420 et
2307 5347 2724 5445 provisoriae
2790 5344 3035 5444 (stipes
3116 5344 3289 5417 enim
3355 5343 3655 5416 laterales
