4984 6517
143 604 197 1001 ι
706 866 950 942 spora.
1062 839 1144 913 F
1134 850 1313 936 ungi
1365 871 1402 914 e
1451 870 1738 916 carnoso
1785 843 2111 917 indurati
2164 843 2206 915 l.
2260 843 2545 940 lignos-i,
2599 851 3021 939 vegetatione
3048 844 3493 941 centnsuga,
3543 870 3761 942 quare

692 962 931 1061 pileus
982 989 1115 1032 non
1172 977 1495 1047 zonatus,
1575 976 1850 1035 tantum
1913 973 1989 1034 in
2052 963 2442 1049 induratis,
2513 977 2934 1035 accremento
2998 972 3424 1062 interrupto,
3483 989 3761 1035 concen-

144 1042 175 1387 ι
710 1091 886 1153 tn‘ce
933 1079 1248 1152 sulcatus
1277 1077 1364 1178 ⁶).

808 1218 928 1295 De
980 1247 1160 1294 nexu
1209 1220 1409 1319 hujus
1461 1222 1731 1320 generis
1803 1248 1957 1294 cum
2023 1218 2292 1294 Boletis
2344 1247 2551 1320 supra
2626 1221 2942 1305 disserui;
3019 1219 3391 1318 Polysticti
3446 1233 3516 1295 et
3564 1246 3757 1320 seqq.

701 1366 957 1439 genera
1002 1366 1332 1440 pororum
1381 1340 1733 1440 morphosi
1778 1340 1979 1439 plane
2033 1339 2359 1413 differunt.
2465 1337 2544 1412 In
2595 1339 2942 1438 permultis
2991 1336 3363 1440 Polyporis
3416 1341 3570 1438 pori
3618 1342 3758 1439 pri-

697 1460 897 1533 mitus
948 1460 1220 1531 omnino
1276 1460 1601 1547 obturati,
1668 1469 1743 1532 ut
1791 1461 2039 1558 pagina
2100 1457 2373 1532 inferior
2448 1458 2656 1531 laevis
2707 1471 2776 1532 et
2828 1459 3141 1557 contigua
3191 1469 3547 1556 appareat,
3618 1457 3757 1531 dis-

703 1590 891 1650 secta
935 1602 1102 1651 vero
1153 1579 1327 1651 intus
1383 1589 1710 1682 monstrat
1757 1578 2029 1651 tubulos
2078 1577 2432 1676 elongatos
2478 1602 2851 1675 eorumque
2918 1589 3191 1650 stratum
3255 1577 3561 1675 primitus
3634 1575 3756 1650 de-

698 1698 1118 1769 terminatum
1172 1722 1303 1769 nec
1357 1723 1395 1769 e
1446 1708 1678 1770 centro
1749 1698 2141 1770 successive
2219 1696 2562 1769 evolutum
2584 1753 2602 1783 ,
2655 1696 2900 1794 quibus
2951 1694 3317 1769 rationibus
3361 1721 3404 1765 a
3453 1691 3755 1796 Polysti-

706 1816 832 1888 ctis
880 1817 1164 1887 maxime
1212 1812 1556 1887 recedunt.
1690 1812 1974 1887 Abeunt
2042 1840 2208 1887 vero
2256 1811 2595 1916 Polypori
2639 1817 2706 1887 in
2763 1814 2930 1887 duas
2977 1815 3187 1887 series
3239 1812 3280 1885 l.
3339 1813 3756 1911 subg-enen,

702 1933 920 2007 multis
976 1933 1208 2007 formis
1256 1931 1493 2006 mediis
1537 1937 1797 2031 juncta:

498 2093 589 2167 A.
698 2093 1300 2171 Eupmwonns.
1406 2092 1654 2170 Pileus
1710 2089 2328 2180 carnoso-lentuS,
2386 2091 2558 2183 dein
2617 2091 2991 2167 induratus
3049 2095 3251 2193 (raro
3306 2117 3349 2166 e
3403 2113 3751 2165 caseoso-

704 2212 1033 2288 floccoso
1081 2212 1420 2316 fragilis),
1478 2221 1696 2287 extus
1748 2210 2028 2314 absque
2080 2209 2301 2286 sulcis
2355 2218 2429 2285 et
2481 2210 2720 2299 zonis,
2797 2210 2932 2286 sed
3017 2217 3405 2285 contextus
3456 2205 3750 2283 radians

698 2328 1017 2406 fibrosus
1067 2331 1325 2435 (intus)
1383 2356 1608 2432 saepe
1663 2338 1987 2405 zonatus.
2095 2315 2292 2405 Pori·
2322 2355 2722 2432 numquam
2786 2329 3092 2404 stratosi.
3200 2330 3448 2425 Fungi
3491 2337 3747 2413 annui,

699 2450 898 2525 haud
938 2463 1432 2539 reviviscentes,
1490 2462 1578 2526 in.
1613 2448 2004 2548 regionibus
2054 2462 2284 2524 minus
2327 2453 2577 2525 calidis
2622 2449 3152 2552 praepollentes.

497 2627 576 2701 B.
682 2627 746 2702 F
749 2651 970 2704 oms.
1076 2626 1320 2703 Pileus
1369 2627 1699 2729 primitus
1750 2625 2452 2730 lignoso·induratus
2506 2629 2709 2729 (raro
2761 2626 3050 2714 molleS,
3095 2623 3532 2726 plorantes),
3567 2647 3745 2697 con-

703 2753 910 2823 textu
958 2746 1287 2822 floccoso
1339 2746 1753 2831 intertexto,
1812 2754 2055 2820 crusta
2127 2745 2363 2848 rigida
2412 2745 2809 2836 obductuS‚
2890 2770 3203 2830 azonuS,
3257 2742 3393 2818 sed
3442 2742 3743 2816 demum

701 2864 1166 2940 concentrice
1218 2864 1557 2940 sulcatus
1664 2866 1746 2940 F
1738 2877 1913 2962 ungi
1941 2895 2319 2968 perennes,
2370 2866 2627 2971 (vulgo
2679 2865 3026 2971 stratose)
3071 2873 3564 2949 reviviscentes,
3629 2863 3757 2936 sed

699 3000 1005 3059 stratum
1054 3005 1366 3057 annuum
1418 3001 1727 3080 vegetum
1781 3002 2057 3061 tantum
2108 3001 2228 3058 est.

808 3119 1032 3204 Quem
1087 3103 1640 3198 maximum'tulit
1688 3126 1823 3200 hoc
1874 3153 2092 3226 genus
2147 3151 2276 3225 per
2325 3123 2552 3196 ultima
2603 3124 2811 3199 lustra
2862 3136 3324 3224 augmentum,
3376 3133 3445 3194 at
3494 3131 3746 3193 tantum

97 3240 154 3304 iffi
210 3247 218 3334 ,ζ
707 3244 1087 3344 specierum
1159 3270 1436 3317 numero
1514 3256 1732 3317 aucto.
1860 3242 2205 3344 Neglecto
2266 3270 2431 3317 vero
2488 3271 2698 3344 saepe
2775 3246 3005 3318 critico
3072 3242 3293 3317 studio
3349 3253 3420 3316 et
3470 3240 3742 3313 definito

97 3380 170 3420 1¹¹²ae-
214 3344 238 3477 ‘5
703 3364 1023 3436 affinitatis
1077 3363 1320 3434 indicio
1374 3363 1482 3436 his
1530 3365 1698 3463 ipsis
1758 3366 1976 3462 copiis
2055 3365 2146 3435 ita
2220 3364 2595 3435 intricatum
2666 3361 2913 3434 factum
2971 3374 3107 3451 est,
3158 3374 3234 3435 ut
3289 3387 3490 3435 nemo
3570 3362 3744 3431 inter

97 3496 166 3540 ³2¹2ss
230 3494 234 3554 ί
699 3480 815 3552 hes
875 3480 1219 3580 disperses
1299 3483 1646 3583 symbolas
1719 3484 1862 3555 sine
1933 3494 2336 3584 ectyporum
2397 3483 2900 3580 comparatione
2949 3479 3273 3580 expedire
3340 3507 3416 3554 se
3489 3478 3744 3563 valeat3

138 3616 142 3620 '
222 3599 233 3612 ”
703 3600 1191 3672 funestissimus
1248 3626 1408 3673 sane
1459 3602 1775 3674 scientiae
1827 3612 2073 3688 status,
2123 3603 2493 3701 praecipue
2540 3603 2711 3674 inter
2759 3599 3037 3699 fungos,
3089 3603 3260 3673 inter
3306 3624 3481 3698 quos
3531 3597 3742 3670 colle-

703 3723 955 3792 ctiones
1015 3744 1143 3816 per
1211 3720 1485 3816 longum
1557 3730 1825 3818 tempus
1879 3746 2083 3819 aegre
2137 3732 2503 3794 servantur.
2606 3717 2838 3819 Magis
2888 3744 3175 3792 necesse
3253 3729 3389 3806 est,
3455 3729 3532 3789 ut
3605 3718 3739 3814 jam

703 3836 1083 3936 descriptae
1139 3839 1369 3909 critice
1426 3851 1902 3936 comparentur
1949 3852 2019 3913 et
2068 3841 2135 3912 in
2184 3839 2487 3913 definitas
2545 3864 2795 3937 greges
2844 3838 3069 3937 (altius
3127 3838 3372 3937 petitas
3426 3860 3627 3934 quam
3699 3860 3741 3906 e

703 3956 879 4052 pilee
931 3956 1237 4040 ceriti-ali,
1288 3956 1558 4043 laterali,
1611 3957 1896 4058 sessili),
1945 3951 2389 4055 integrentur,
2444 3983 2643 4056 quam
2677 3969 2750 4029 ut
2770 3983 2989 4029 novae
3018 3966 3502 4056 proponantur.
3557 3949 3623 4025 F
3628 3978 3741 4025 or-

703 4104 803 4148 ma
855 4088 923 4144 et
975 4076 1242 4148 enlm-es
1296 4074 1382 4147 ad
1431 4075 1629 4148 fidam
1685 4075 2300 4150 determinationem
2352 4102 2590 4177 parum
2642 4078 2889 4173 juvant.
2996 4073 3259 4148 Omnes
3311 4073 3567 4146 formae
3619 4071 3736 4143 de-

699 4195 943 4264 {ermes
995 4208 1063 4268 et
1111 4195 1414 4292 stypicae
1473 4205 1548 4265 ut
1598 4195 1971 4294 singulares
2022 4195 2208 4267 lusus
2255 4193 2694 4280 omittendae3
2745 4193 2967 4268 habeo
3028 4197 3245 4266 varias
3295 4194 3580 4266 maxime
3629 4218 3739 4264 re·

695 4312 1051 4396 eedenteS,
1131 4337 1297 4412 quas
1379 4314 1613 4411 ignoto
1677 4326 1852 4387 statu
1918 4315 2152 4415 typico
2230 4315 2531 4411 ineptum
2609 4339 2923 4386 censeam
2982 4310 3390 4385 describere.
3525 4307 3743 4381 Color

699 4432 979 4504 maxime
1035 4444 1103 4504 et
1151 4431 1481 4504 variabilis
1536 4444 1606 4504 et
1648 4458 1734 4506 ex
1793 4445 2007 4506 aetate
2058 4431 2426 4517 mutabilis;
2512 4432 2727 4519 multi,
2796 4435 2908 4529 qui
2970 4430 3057 4502 ad
3109 4432 3476 4530 specimina
3557 4429 3739 4500 sicca

699 4564 763 4620 et
815 4552 1115 4636 exoleta,
1199 4552 1606 4649 frequentius
1674 4552 1908 4638 obvia,
1973 4561 2122 4624 atri
2173 4549 2673 4637 describuntur,
2746 4550 2881 4622 vivi
2931 4550 2998 4620 in
3069 4559 3244 4621 statu
3297 4559 3544 4646 vegeto
3598 4541 3741 4618 albi

695 4684 847 4740 sunt
915 4696 991 4748 v..
1043 4696 1099 4744 e.
1171 4670 1253 4741 P.
1321 4667 1662 4771 obliquus,
1728 4670 2093 4743 Daedalea
2169 4668 2391 4740 mollis
2467 4668 2576 4766 (=
2615 4665 3014 4768 Polyporus
3083 4668 3412 4741 cervinus.
3476 4664 3737 4763 Pers.!)

703 4784 919 4864 Quem
975 4792 1259 4888 plurima
1299 4816 1465 4862 vero
1520 4815 1926 4891 synonyma,
1987 4813 2163 4887 quae
2213 4814 2297 4860 ex
2344 4787 2791 4860 intensissimo
2845 4786 3208 4859 litterarum
3287 4797 3541 4859 tantum
3597 4794 3738 4857 stu·

703 4908 807 4976 die
855 4908 939 4980 ed
995 4920 1203 5008 types
1250 4934 1413 4981 suos
1459 4907 1731 4996 reduxi,
1778 4906 1913 4979 hoc
1968 4906 2126 4979 loco
2170 4909 2374 4980 citare
2426 4932 2564 4979 non
2616 4932 2820 4978 ausus
2873 4930 3041 4979 sum.

707 5156 743 5212 Ἴ
779 5148 959 5200 Sul-ens
991 5156 1103 5204 dite
1143 5156 1296 5204 [ium
1329 5154 1584 5216 depressas
1619 5153 1987 5213 concentricas,
2024 5154 2233 5204 omnino
2268 5159 2488 5203 ceterum
2525 5152 2887 5214 homogeneas,
2923 5165 2952 5203 e
2986 5152 3295 5204 incremento
3329 5157 3547 5216 abrupto
3584 5158 3734 5203 ortas.

538 5232 739 5296 Fetus-uri
771 5252 999 5300 perennes
1031 5240 1211 5288 s-itenei
1243 5237 1450 5290 omnino
1485 5239 1647 5289 laeves
1682 5247 1825 5300 sunt,
1859 5248 1910 5292 et
1945 5240 2122 5290 annosi
2149 5245 2348 5290 tantum
2385 5238 2699 5289 concentu-icc
2733 5238 2926 5288 sulcati.
2998 5235 3177 5287 zonas
3214 5240 3327 5290 dico
3356 5242 3480 5302 juga
3516 5238 3734 5294 clevata,

546 5316 851 5380 bremenses.
887 5324 1035 5384 wige
1071 5323 1332 5373 discoloria
1367 5329 1419 5374 et
1452 5324 1690 5386 peculiari
1727 5326 2023 5376 indumento
2059 5325 2295 5374 obducta.
2376 5319 2558 5372 zonae
2603 5323 2710 5384 jam
2759 5323 2813 5374 in
2865 5324 3103 5387 primario
3160 5331 3297 5375 statu
3346 5323 3735 5385 Polystictorum

562 5400 763 5452 mutue.
823 5404 943 5456 Smei
979 5408 1227 5456 interdum
1264 5421 1293 5459 e
1331 5408 1455 5460 lucis
1489 5409 1770 5462 vibratione
1803 5421 1954 5461 zonas
1987 5409 2243 5482 referunt,
2279 5409 2366 5461 sed
2398 5408 2533 5460 lente
2567 5409 2762 5462 lustrati
2798 5410 2937 5460 color
2972 5409 3234 5460 uniformis
3268 5414 3421 5471 patet.
