4984 6517
3351 534 3516 618 371

367 742 584 829 fisso,
661 741 980 844 denique
1060 740 1760 843 elongato-elliptico
1823 741 2112 843 integro
2184 741 2228 816 1.
2308 739 2595 829 lobat0,
2649 741 2839 818 lobis
2889 744 3250 839 lingulatis
3303 746 3628 847 margine

364 858 1043 959 undulato-crispiS,
1097 856 1255 933 basi
1305 857 1999 945 rotundato-sessili,
2055 857 2332 933 cellulis
2385 858 2459 933 in
2508 861 2838 936 sectione
2892 862 3350 937 transversali
3380 871 3628 937 rotun-

367 976 570 1050 datis,

669 1106 796 1183 Ad
844 1130 1047 1181 oram
1099 1104 1357 1182 Novae
1407 1106 1845 1185 Hollandiae
1895 1107 2285 1182 australem
2364 1106 2436 1181 in
2515 1108 2677 1183 sinu
2730 1111 2909 1184 Port
2982 1111 3269 1213 Phillip,
3328 1114 3628 1189 conchis

362 1224 876 1326 lapidibusque
929 1222 1213 1299 adnata.

513 1392 525 1422 ·-
667 1360 787 1435 Ab
814 1360 1257 1434 antecedente
1310 1360 1545 1456 specie
1597 1386 1732 1432 non
1787 1362 2004 1434 solum
2063 1361 2295 1436 colore
2348 1387 2584 1434 verum
2632 1362 2829 1434 etiam
2863 1361 3067 1435 thallo
3111 1365 3317 1437 multo
3346 1370 3624 1441 tenuiori

364 1475 652 1551 diversa.
753 1476 995 1551 Planta
1049 1504 1271 1577 usque
1322 1475 1602 1575 pedalis.
1707 1477 1993 1553 Thallus
2044 1482 2110 1552 in
2163 1478 2522 1577 ellipticam
2572 1478 2853 1551 sormam
2908 1481 2947 1552 l.
3002 1481 3426 1555 renisormem
3480 1485 3632 1582 plus

362 1596 581 1667 miuus
659 1597 931 1683 abiens,
1002 1598 1148 1669 basi
1238 1595 1578 1693 paululum
1662 1606 2039 1669 attenuatus
2094 1597 2134 1668 l.
2186 1594 2622 1683 rotundatus,
2690 1622 2857 1681 nec,
2928 1608 3001 1668 ut
3048 1599 3109 1668 in
3159 1602 3401 1696 priori,
3478 1628 3628 1674 cor-

361 1711 594 1799 datus,
670 1716 732 1785 in
807 1714 1077 1787 lacinias
1159 1738 1283 1786 sev
1355 1711 1558 1784 lobos
1616 1713 1765 1810 plus
1835 1715 2053 1786 minus
2101 1714 2543 1798 lanceolatas‚
2597 1713 2926 1811 ellipticas
2975 1713 3015 1785 l.
3071 1727 3305 1789 ovatas
3359 1717 3630 1790 divisus„

360 1826 603 1901 Planta
655 1832 988 1903 exsiccata
1038 1831 1583 1915 membranacea,
1630 1855 1759 1902 nec
1805 1842 1880 1901 ut
1934 1833 2141 1930 prior,
2191 1833 2594 1904 subcomea.
2676 1827 2789 1901 Ex
2830 1827 3220 1928 Europaeis
3259 1836 3624 1932 speciebus

362 1941 589 2017 Ulvae
641 1946 897 2044 rigidae
950 1948 992 2019 l.
1043 1942 1135 2018 U.
1183 1946 1539 2018 latissimae
1564 1945 1796 2018 affinis.

672 2077 966 2179 Species
1019 2077 1242 2154 Ulvae
1294 2078 1451 2152 mihi
1502 2092 1705 2153 notae
1758 2094 2090 2177 sequente
2141 2081 2346 2153 modo
2401 2080 2868 2180 disponendae
2918 2082 3244 2155 videntur.

1906 2211 1926 2279 Ῑ
2118 2272 2141 2295 .

763 2332 856 2406 Α.
967 2329 1226 2405 Thallo
1281 2354 1380 2404 ex
1428 2328 1649 2403 unico
1706 2210 2126 2403 celldldxssn
2180 2339 2404 2405 strato
2458 2338 2903 2406 constructo.

1026 2464 1127 2567 a)
1181 2462 1456 2538 cellulis
1498 2461 1572 2536 in
1612 2461 1941 2537 sectione
1978 2461 2171 2538 thalli
2212 2463 2679 2539 transversali
2719 2463 3158 2541 verticaliter
3199 2464 3576 2567 elongatis,

555 2602 619 2672 1.
674 2597 893 2673 ULVA
944 2597 1264 2672 BLYTTn
1318 2598 1606 2672 Aresch.
1665 2598 1885 2696 Phyc.
1933 2597 2192 2672 Scand.
2230 2627 2318 2699 p.
2377 2610 2516 2673 186.

1031 2728 1126 2837 b)
1177 2730 1454 2807 cellulis
1504 2731 1577 2806 in
1627 2729 1957 2806 sectione
2012 2728 2206 2804 thalli
2256 2729 2715 2806 transversali
2760 2729 3628 2809 subcubico-rotundatis.

546 2868 615 2942 2.
672 2865 892 2942 ULvA
940 2865 1309 2942 Lacruca
1359 2866 1447 2940 L.
1505 2863 1724 2940 thallo
1776 2862 2210 2939 laete-viridi
2251 2862 2866 2940 subumbilicatim
2901 2889 3235 2966 expanso
3265 2865 3632 2941 laciniato-

359 2982 721 3059 multifido
771 2981 1122 3057 undulato
1177 2983 1444 3070 om&
1498 3008 1770 3059 crasso,
1824 3026 1898 3040 —
1952 2983 2171 3081 Phyc.
2229 2982 2487 3056 Scand.
2530 3011 2617 3083 p.
2672 2994 2813 3057 488.

663 3117 746 3191 In
797 3116 963 3192 sinu
1018 3116 1325 3192 Codano
1377 3125 1450 3192 et
1499 3116 1746 3192 forsan
1798 3115 2196 3215 praecipue
2241 3115 2311 3189 in
2358 3116 2542 3190 mari
2593 3115 2891 3203 baltico,
2945 3139 3087 3190 nec
3119 3114 3413 3190 aliunde
3442 3140 3487 3190 a
3513 3139 3632 3189 me

360 3242 683 3335 accepta.
2765 3295 2777 3314 .

552 3369 618 3443 3.
675 3367 895 3444 ULvA
945 3390 1291 3444 sonmna
1341 3368 1684 3470 (Aresch.
1741 3368 1963 3468 Phyc.
2020 3369 2278 3443 Scand.
2294 3398 2380 3471 p.
2410 3370 2587 3475 187)
2636 3366 2858 3443 thallo
2888 3366 3191 3443 sordide
3225 3365 3437 3441 viridi
3477 3391 3632 3441 um-

361 3484 708 3560 bilicatim
757 3507 1092 3585 expanso
1144 3485 1480 3560 laciniato
1534 3485 1863 3588 margine
1913 3483 2261 3560 undulato
2318 3488 2490 3574 0,02
2541 3486 2585 3562 l.
2643 3486 2913 3573 0‚03·¹.=·.=
2969 3508 3242 3558 crasso·

671 3618 848 3694 Ulva
896 3616 1101 3693 fusca
1156 3621 1440 3693 Postels.
1505 3638 1576 3695 et
1620 3622 1891 3722 Ruper.
1959 3620 2229 3696 Illustr.
2316 3624 2484 3719 Alg.
2563 3623 2746 3720 (sec.
2822 3617 3221 3720 specimina
3274 3642 3317 3691 e
3369 3614 3632 3691 Museo

364 3736 914 3837 Petropolitano
962 3743 1319 3838 accepta).

676 3870 803 3946 Ad
858 3894 1064 3945 oram
1116 3869 1646 3948 Scandinaviae
1699 3871 2232 3949 occidentalem
2260 3897 2304 3947 a
2326 3868 2644 3947 Bahusia
2680 3893 2917 3969 usque
2947 3867 3022 3943 in
3048 3869 3282 3968 Caput
3309 3866 3632 3942 maxime

363 3988 930 4089 septentrionale
979 3986 1425 4086 peninsulae.
1524 3990 1607 4064 Iu
1663 3991 1845 4066 mari
1896 3990 2301 4067 Ochotensi
2347 3993 2531 4081 (sec.
2586 3985 2989 4087 specimina
3038 3985 3632 4086 Petropolitana).

672 4125 744 4197 A
800 4121 1029 4223 priori
1080 4123 1329 4223 specie
1378 4124 1807 4224 praesertim
1858 4124 2115 4199 colore
2165 4133 2239 4199 et
2286 4122 2507 4198 thallo
2557 4145 3010 4221 magnopere
3053 4119 3403 4194 distincta.
3512 4120 3632 4193 An

370 4240 546 4315 Ulva
589 4241 933 4316 latissima
975 4243 1168 4315 Kie‘cz
1225 4242 1424 4342 Spec.
1467 4269 1552 4342 p.
1608 4246 1735 4316 474
1773 4239 1918 4315 huc
1947 4241 2332 4341 pertineat,
2370 4241 2648 4316 nescio.
2705 4239 2857 4312 Vix
2882 4246 3126 4313 tamen
3162 4234 3628 4311 crediderim!

769 4376 859 4449 B.
970 4372 1230 4449 Thallo
1278 4398 1324 4449 e
1375 4373 1670 4450 duobus
1726 4373 2148 4450 cellularum
2200 4375 2437 4450 stratis
2485 4380 2930 4448 constructo.

1036 4508 1138 4611 a)
1191 4507 1466 4583 cellulis
1514 4508 1948 4584 vertit-‚aliter
1996 4508 2374 4611 elongatiS.

553 4644 621 4717 4.
677 4641 894 4719 Um
949 4665 1303 4719 capsusrs
1361 4645 1650 4718 Aresch.
1705 4643 1924 4719 thallo
1978 4644 2264 4719 intense
2312 4640 2522 4716 viridi
2570 4640 2741 4726 0,07
2793 4636 2837 4712 l.
2892 4639 3158 4724 0202·
3209 4660 3460 4712 crasso
3487 4637 3632 4736 pri-

369 4762 587 4837 mitus
676 4759 1144 4836 umbilicatim
1228 4785 1562 4860 expanso
1653 4758 1973 4861 denique
2061 4760 2405 4862 elongato
2496 4757 2652 4832 basi
2729 4756 2805 4830 in
2889 4754 3206 4855 stipitem
3284 4754 3632 4830 linearem

366 4886 758 4954 attenuato.

549 5016 618 5090 5.
675 5013 895 5089 Unva
944 5034 1370 5089 aus'rnams
1423 5014 1711 5088 Aresch.
1790 5010 2011 5087 thallo
2089 5010 2484 5086 stramineo
2539 5008 2582 5084 l.
2640 5005 3306 5083 flavescenti-viridi
3368 5008 3539 5092 0,Οὸ
3592 5005 3628 5081 l.

367 5135 636 5222 (2092
691 5154 944 5206 crasso
996 5128 1325 5229 primitus
1353 5129 1819 5205 umbilicatim
1848 5153 2182 5231 expanso
2213 5127 2538 5230 denique
2565 5123 2944 5201 renisormi
2969 5123 3278 5226 basique
3306 5122 3628 5199 cordato.

670 5265 790 5340 De
838 5272 1144 5365 utraque
1193 5264 1446 5364 specie
1493 5263 1962 5340 conferantur
2019 5287 2208 5364 quae
2251 5286 2474 5363 supra
2527 5259 2867 5335 diximus.
