<?xml version="1.0" encoding="UTF-8"?>
<!DOCTYPE html PUBLIC "-//W3C//DTD XHTML 1.0 Transitional//EN"
    "http://www.w3.org/TR/xhtml1/DTD/xhtml1-transitional.dtd">
<html xmlns="http://www.w3.org/1999/xhtml" xml:lang="en" lang="en">
 <head>
  <title>
</title>
<meta http-equiv="Content-Type" content="text/html;charset=utf-8" />
  <meta name='ocr-system' content='tesseract 3.04.00' />
  <meta name='ocr-capabilities' content='ocr_page ocr_carea ocr_par ocr_line ocrx_word'/>
</head>
<body>
  <div class='ocr_page' id='page_1' title='image "./novaactaregiaes00uppsgoog_0096.png"; bbox 0 0 4984 6517; ppageno 0'>
   <div class='ocr_carea' id='block_1_1' title="bbox 1233 2221 1402 2287">
    <p class='ocr_par' dir='ltr' id='par_1_1' title="bbox 1233 2221 1402 2287">
     <span class='ocr_line' id='line_1_1' title="bbox 1233 2221 1402 2287; baseline -0.006 0"><span class='ocrx_word' id='word_1_1' title='bbox 1233 2274 1244 2287; x_wconf 84' lang='grc'><strong>.</strong></span> <span class='ocrx_word' id='word_1_2' title='bbox 1301 2221 1402 2286; x_wconf 67' lang='lat'>24.</span> 
     </span>
    </p>
   </div>
   <div class='ocr_carea' id='block_1_2' title="bbox 1298 3971 1396 4039">
    <p class='ocr_par' dir='ltr' id='par_1_2' title="bbox 1298 3971 1396 4039">
     <span class='ocr_line' id='line_1_2' title="bbox 1298 3971 1396 4039; baseline -0.02 0"><span class='ocrx_word' id='word_1_3' title='bbox 1298 3971 1396 4039; x_wconf 72' lang='lat'>25.</span> 
     </span>
    </p>
   </div>
   <div class='ocr_carea' id='block_1_3' title="bbox 1407 591 1532 679">
    <p class='ocr_par' dir='ltr' id='par_1_3' title="bbox 1407 591 1532 679">
     <span class='ocr_line' id='line_1_3' title="bbox 1407 591 1532 679; baseline 0 -16"><span class='ocrx_word' id='word_1_4' title='bbox 1407 591 1532 679; x_wconf 68' lang='grc'>86</span> 
     </span>
    </p>
   </div>
   <div class='ocr_carea' id='block_1_4' title="bbox 1502 803 4536 1027">
    <p class='ocr_par' dir='ltr' id='par_1_4' title="bbox 1502 803 4536 1027">
     <span class='ocr_line' id='line_1_4' title="bbox 1502 803 4536 909; baseline 0.002 -29"><span class='ocrx_word' id='word_1_5' title='bbox 1502 805 1856 881; x_wconf 80' lang='lat' dir='ltr'><strong>coriaceis</strong></span> <span class='ocrx_word' id='word_1_6' title='bbox 1906 803 2152 909; x_wconf 75' lang='lat' dir='ltr'>rigidis</span> <span class='ocrx_word' id='word_1_7' title='bbox 2214 805 2468 882; x_wconf 82' lang='lat' dir='ltr'>azonis</span> <span class='ocrx_word' id='word_1_8' title='bbox 2548 805 2855 881; x_wconf 73' lang='lat' dir='ltr'>libroso·</span> <span class='ocrx_word' id='word_1_9' title='bbox 2858 806 3149 885; x_wconf 79' lang='lat' dir='ltr'>radiatis</span> <span class='ocrx_word' id='word_1_10' title='bbox 3212 806 3457 897; x_wconf 81' lang='lat' dir='ltr'>luteis;</span> <span class='ocrx_word' id='word_1_11' title='bbox 3514 811 3704 887; x_wconf 78' lang='lat' dir='ltr'>intus</span> <span class='ocrx_word' id='word_1_12' title='bbox 3758 806 4367 886; x_wconf 69' lang='lat' dir='ltr'>radiato-abrosis</span> <span class='ocrx_word' id='word_1_13' title='bbox 4416 809 4536 887; x_wconf 83' lang='lat' dir='ltr'>ssa-</span> 
     </span>
     <span class='ocr_line' id='line_1_5' title="bbox 1503 923 3622 1027; baseline 0.003 -28"><span class='ocrx_word' id='word_1_14' title='bbox 1503 924 1643 1009; x_wconf 85' lang='lat' dir='ltr'>vis,-</span> <span class='ocrx_word' id='word_1_15' title='bbox 1701 925 1900 1027; x_wconf 86' lang='lat' dir='ltr'>poris</span> <span class='ocrx_word' id='word_1_16' title='bbox 1955 924 2175 1001; x_wconf 86' lang='lat' dir='ltr'>curtis</span> <span class='ocrx_word' id='word_1_17' title='bbox 2225 923 2727 1026; x_wconf 80' lang='lat' dir='ltr'>inaequalibus</span> <span class='ocrx_word' id='word_1_18' title='bbox 2778 926 3004 1002; x_wconf 83' lang='lat' dir='ltr'>acutis</span> <span class='ocrx_word' id='word_1_19' title='bbox 3052 929 3336 1005; x_wconf 81' lang='lat' dir='ltr'>seriatis</span> <span class='ocrx_word' id='word_1_20' title='bbox 3386 929 3622 1005; x_wconf 86' lang='lat' dir='ltr'>luteis.</span> 
     </span>
    </p>
   </div>
   <div class='ocr_carea' id='block_1_5' title="bbox 1602 1060 4539 1168">
    <p class='ocr_par' dir='ltr' id='par_1_5' title="bbox 1602 1060 4539 1168">
     <span class='ocr_line' id='line_1_6' title="bbox 1602 1060 4539 1168; baseline -0.002 -27"><span class='ocrx_word' id='word_1_21' title='bbox 1602 1064 1728 1141; x_wconf 91' lang='lat' dir='ltr'>Ad</span> <span class='ocrx_word' id='word_1_22' title='bbox 1775 1074 2074 1143; x_wconf 87' lang='lat' dir='ltr'>truncos</span> <span class='ocrx_word' id='word_1_23' title='bbox 2106 1063 2183 1138; x_wconf 90' lang='lat' dir='ltr'>in</span> <span class='ocrx_word' id='word_1_24' title='bbox 2234 1088 2467 1168; x_wconf 86' lang='lat' dir='ltr'>regno</span> <span class='ocrx_word' id='word_1_25' title='bbox 2525 1062 2923 1141; x_wconf 84' lang='lat' dir='ltr'>Mexicano</span> <span class='ocrx_word' id='word_1_26' title='bbox 2981 1090 3048 1141; x_wconf 77' lang='lat' dir='ltr'>v.</span> <span class='ocrx_word' id='word_1_27' title='bbox 3103 1092 3165 1142; x_wconf 88' lang='lat' dir='ltr'>c.</span> <span class='ocrx_word' id='word_1_28' title='bbox 3221 1066 3315 1142; x_wconf 88' lang='lat' dir='ltr'>ad</span> <span class='ocrx_word' id='word_1_29' title='bbox 3388 1067 3763 1165; x_wconf 79' lang='lat' dir='ltr'>Z&#39;ucuapa;</span> <span class='ocrx_word' id='word_1_30' title='bbox 3843 1060 4235 1163; x_wconf 81' lang='lat' dir='ltr'>Tapinapa.</span> <span class='ocrx_word' id='word_1_31' title='bbox 4344 1062 4539 1137; x_wconf 80' lang='lat' dir='ltr'>Lieb-</span> 
     </span>
    </p>
   </div>
   <div class='ocr_carea' id='block_1_6' title="bbox 1502 1214 1687 1259">
    <p class='ocr_par' dir='ltr' id='par_1_6' title="bbox 1502 1214 1687 1259">
     <span class='ocr_line' id='line_1_7' title="bbox 1502 1214 1687 1259; baseline 0.005 -1"><span class='ocrx_word' id='word_1_32' title='bbox 1502 1214 1687 1259; x_wconf 71' lang='lat' dir='ltr'>man.</span> 
     </span>
    </p>
   </div>
   <div class='ocr_carea' id='block_1_7' title="bbox 1499 1332 4546 2027">
    <p class='ocr_par' dir='ltr' id='par_1_7' title="bbox 1499 1332 4546 2027">
     <span class='ocr_line' id='line_1_8' title="bbox 1600 1332 4541 1432; baseline -0 -27"><span class='ocrx_word' id='word_1_33' title='bbox 1600 1332 1893 1406; x_wconf 81' lang='lat' dir='ltr'>Accedit</span> <span class='ocrx_word' id='word_1_34' title='bbox 1941 1332 2026 1404; x_wconf 90' lang='lat' dir='ltr'>ad</span> <span class='ocrx_word' id='word_1_35' title='bbox 2089 1334 2173 1409; x_wconf 82' lang='lat' dir='ltr'>P.</span> <span class='ocrx_word' id='word_1_36' title='bbox 2226 1334 2617 1417; x_wconf 70' lang='lat' dir='ltr'>radiatum,</span> <span class='ocrx_word' id='word_1_37' title='bbox 2671 1334 2791 1407; x_wconf 88' lang='lat' dir='ltr'>sed</span> <span class='ocrx_word' id='word_1_38' title='bbox 2845 1332 3153 1432; x_wconf 82' lang='lat' dir='ltr'>rigidior,</span> <span class='ocrx_word' id='word_1_39' title='bbox 3213 1332 3764 1408; x_wconf 82' lang='lat' dir='ltr'>sulfureo-luteus</span> <span class='ocrx_word' id='word_1_40' title='bbox 3819 1342 3888 1406; x_wconf 86' lang='lat' dir='ltr'>et</span> <span class='ocrx_word' id='word_1_41' title='bbox 3936 1332 4089 1432; x_wconf 88' lang='lat' dir='ltr'>pori</span> <span class='ocrx_word' id='word_1_42' title='bbox 4171 1333 4371 1432; x_wconf 88' lang='lat' dir='ltr'>plane</span> <span class='ocrx_word' id='word_1_43' title='bbox 4447 1332 4541 1404; x_wconf 93' lang='lat' dir='ltr'>di-</span> 
     </span>
     <span class='ocr_line' id='line_1_9' title="bbox 1499 1449 4540 1539; baseline -0.002 -14"><span class='ocrx_word' id='word_1_44' title='bbox 1499 1454 1698 1525; x_wconf 78' lang='lat' dir='ltr'>versi.</span> <span class='ocrx_word' id='word_1_45' title='bbox 1798 1449 1972 1524; x_wconf 84' lang='lat' dir='ltr'>Pilei</span> <span class='ocrx_word' id='word_1_46' title='bbox 2021 1450 2369 1538; x_wconf 79' lang='lat' dir='ltr'>dimidiati,</span> <span class='ocrx_word' id='word_1_47' title='bbox 2418 1451 2728 1539; x_wconf 88' lang='lat' dir='ltr'>sessiles,</span> <span class='ocrx_word' id='word_1_48' title='bbox 2781 1454 3129 1525; x_wconf 88' lang='lat' dir='ltr'>imbricato</span> <span class='ocrx_word' id='word_1_49' title='bbox 3184 1466 3254 1526; x_wconf 89' lang='lat' dir='ltr'>et</span> <span class='ocrx_word' id='word_1_50' title='bbox 3304 1454 3593 1525; x_wconf 89' lang='lat' dir='ltr'>seriatim</span> <span class='ocrx_word' id='word_1_51' title='bbox 3650 1462 4233 1538; x_wconf 81' lang='lat' dir='ltr'>‘concrescentes,</span> <span class='ocrx_word' id='word_1_52' title='bbox 4285 1451 4540 1523; x_wconf 85' lang='lat' dir='ltr'>unciam</span> 
     </span>
     <span class='ocr_line' id='line_1_10' title="bbox 1500 1570 4542 1675; baseline -0.001 -33"><span class='ocrx_word' id='word_1_53' title='bbox 1500 1571 1641 1657; x_wconf 90' lang='lat' dir='ltr'>lati,</span> <span class='ocrx_word' id='word_1_54' title='bbox 1693 1571 1957 1670; x_wconf 85' lang='lat' dir='ltr'>postice</span> <span class='ocrx_word' id='word_1_55' title='bbox 2010 1570 2280 1669; x_wconf 79' lang='lat' dir='ltr'>gibbosi</span> <span class='ocrx_word' id='word_1_56' title='bbox 2333 1582 2401 1643; x_wconf 90' lang='lat' dir='ltr'>et</span> <span class='ocrx_word' id='word_1_57' title='bbox 2452 1572 2689 1643; x_wconf 83' lang='lat' dir='ltr'><strong>subtus</strong></span> <span class='ocrx_word' id='word_1_58' title='bbox 2743 1573 2939 1643; x_wconf 88' lang='lat' dir='ltr'>etiam</span> <span class='ocrx_word' id='word_1_59' title='bbox 2996 1572 3368 1675; x_wconf 86' lang='lat' dir='ltr'>marginati,</span> <span class='ocrx_word' id='word_1_60' title='bbox 3423 1570 3698 1644; x_wconf 89' lang='lat' dir='ltr'>sordide</span> <span class='ocrx_word' id='word_1_61' title='bbox 3754 1570 3943 1657; x_wconf 91' lang='lat' dir='ltr'>lutei,</span> <span class='ocrx_word' id='word_1_62' title='bbox 3997 1570 4181 1642; x_wconf 85' lang='lat' dir='ltr'>fibris</span> <span class='ocrx_word' id='word_1_63' title='bbox 4234 1570 4542 1642; x_wconf 86' lang='lat' dir='ltr'>subinna-</span> 
     </span>
     <span class='ocr_line' id='line_1_11' title="bbox 1500 1684 4542 1788; baseline -0.002 -24"><span class='ocrx_word' id='word_1_64' title='bbox 1500 1693 1584 1765; x_wconf 83' lang='lat' dir='ltr'>tis</span> <span class='ocrx_word' id='word_1_65' title='bbox 1642 1691 2147 1762; x_wconf 79' lang='lat' dir='ltr'>obscurioribus</span> <span class='ocrx_word' id='word_1_66' title='bbox 2200 1687 2482 1760; x_wconf 82' lang='lat' dir='ltr'>radiosis</span> <span class='ocrx_word' id='word_1_67' title='bbox 2540 1690 2795 1787; x_wconf 88' lang='lat' dir='ltr'>virgati.</span> <span class='ocrx_word' id='word_1_68' title='bbox 2898 1686 3153 1788; x_wconf 84' lang='lat' dir='ltr'>Margo</span> <span class='ocrx_word' id='word_1_69' title='bbox 3210 1693 3458 1777; x_wconf 89' lang='lat' dir='ltr'>tenuis,</span> <span class='ocrx_word' id='word_1_70' title='bbox 3533 1698 3802 1777; x_wconf 82' lang='lat' dir='ltr'>acutus,</span> <span class='ocrx_word' id='word_1_71' title='bbox 3855 1691 4269 1788; x_wconf 80' lang='lat' dir='ltr'>nigrescens.</span> <span class='ocrx_word' id='word_1_72' title='bbox 4365 1684 4542 1759; x_wconf 88' lang='lat' dir='ltr'>Caro</span> 
     </span>
     <span class='ocr_line' id='line_1_12' title="bbox 1503 1805 4546 1907; baseline -0.001 -26"><span class='ocrx_word' id='word_1_73' title='bbox 1503 1808 1701 1894; x_wconf 88' lang='lat' dir='ltr'>dura,</span> <span class='ocrx_word' id='word_1_74' title='bbox 1751 1808 2323 1907; x_wconf 78' lang='lat' dir='ltr'>fibroso-radiata,</span> <span class='ocrx_word' id='word_1_75' title='bbox 2378 1806 2689 1880; x_wconf 83' lang='lat' dir='ltr'>sulfurea.</span> <span class='ocrx_word' id='word_1_76' title='bbox 2791 1805 2958 1880; x_wconf 86' lang='lat' dir='ltr'>Pori</span> <span class='ocrx_word' id='word_1_77' title='bbox 3012 1807 3377 1879; x_wconf 82' lang='lat' dir='ltr'>admodum</span> <span class='ocrx_word' id='word_1_78' title='bbox 3436 1809 3637 1895; x_wconf 88' lang='lat' dir='ltr'>curti,</span> <span class='ocrx_word' id='word_1_79' title='bbox 3695 1835 3936 1881; x_wconf 86' lang='lat' dir='ltr'>versus</span> <span class='ocrx_word' id='word_1_80' title='bbox 4002 1807 4368 1905; x_wconf 86' lang='lat' dir='ltr'>marginem</span> <span class='ocrx_word' id='word_1_81' title='bbox 4424 1806 4546 1878; x_wconf 89' lang='lat' dir='ltr'>ob·</span> 
     </span>
     <span class='ocr_line' id='line_1_13' title="bbox 1501 1922 4544 2027; baseline -0.002 -28"><span class='ocrx_word' id='word_1_82' title='bbox 1501 1925 1697 1999; x_wconf 88' lang='lat' dir='ltr'>soleti</span> <span class='ocrx_word' id='word_1_83' title='bbox 1744 1938 1811 1997; x_wconf 91' lang='lat' dir='ltr'>et</span> <span class='ocrx_word' id='word_1_84' title='bbox 1860 1924 2271 2011; x_wconf 80' lang='lat' dir='ltr'>foveolares,</span> <span class='ocrx_word' id='word_1_85' title='bbox 2325 1925 2475 1998; x_wconf 89' lang='lat' dir='ltr'>dein</span> <span class='ocrx_word' id='word_1_86' title='bbox 2532 1928 2741 2013; x_wconf 86' lang='lat' dir='ltr'>acuti,</span> <span class='ocrx_word' id='word_1_87' title='bbox 2777 1927 2955 2027; x_wconf 79' lang='lat' dir='ltr'>plus</span> <span class='ocrx_word' id='word_1_88' title='bbox 3007 1937 3236 1999; x_wconf 77' lang='lat' dir='ltr'>minus</span> <span class='ocrx_word' id='word_1_89' title='bbox 3313 1924 3996 2012; x_wconf 56' lang='lat' dir='ltr'>senato-radiantes,</span> <span class='ocrx_word' id='word_1_90' title='bbox 4071 1951 4284 2025; x_wconf 80' lang='lat' dir='ltr'>saepe</span> <span class='ocrx_word' id='word_1_91' title='bbox 4336 1925 4402 1996; x_wconf 92' lang='lat' dir='ltr'>in</span> <span class='ocrx_word' id='word_1_92' title='bbox 4454 1922 4544 1994; x_wconf 87' lang='lat' dir='ltr'>la-</span> 
     </span>
    </p>
   </div>
   <div class='ocr_carea' id='block_1_8' title="bbox 1501 2030 3519 2145">
    <p class='ocr_par' dir='ltr' id='par_1_8' title="bbox 1501 2030 3519 2145">
     <span class='ocr_line' id='line_1_14' title="bbox 1501 2030 3519 2145; baseline -0.001 -27"><span class='ocrx_word' id='word_1_93' title='bbox 1501 2071 1708 2119; x_wconf 88' lang='lat' dir='ltr'>cunas</span> <span class='ocrx_word' id='word_1_94' title='bbox 1758 2044 2043 2116; x_wconf 89' lang='lat' dir='ltr'>lineares</span> <span class='ocrx_word' id='word_1_95' title='bbox 2091 2041 2367 2115; x_wconf 82' lang='lat' dir='ltr'>hiantes.</span> <span class='ocrx_word' id='word_1_96' title='bbox 2475 2040 2769 2143; x_wconf 88' lang='lat' dir='ltr'>Species</span> <span class='ocrx_word' id='word_1_97' title='bbox 2814 2030 3095 2145; x_wconf 63' lang='lat' dir='ltr'>pulchia</span> <span class='ocrx_word' id='word_1_98' title='bbox 3144 2056 3214 2118; x_wconf 91' lang='lat' dir='ltr'>et</span> <span class='ocrx_word' id='word_1_99' title='bbox 3264 2046 3519 2118; x_wconf 83' lang='lat' dir='ltr'>eximia.</span> 
     </span>
    </p>
   </div>
   <div class='ocr_carea' id='block_1_9' title="bbox 1477 2210 3230 2331">
    <p class='ocr_par' dir='ltr' id='par_1_9' title="bbox 1477 2210 3230 2331">
     <span class='ocr_line' id='line_1_15' title="bbox 1477 2210 3230 2331; baseline 0.001 -46"><span class='ocrx_word' id='word_1_100' title='bbox 1477 2213 1586 2331; x_wconf 35' lang='lat' dir='ltr'>·P.</span> <span class='ocrx_word' id='word_1_101' title='bbox 1637 2211 2058 2313; x_wconf 66' lang='lat' dir='ltr'>(S&#39;mnosr)</span> <span class='ocrx_word' id='word_1_102' title='bbox 2090 2233 2558 2286; x_wconf 72' lang='lat' dir='ltr'>smumosus.</span> <span class='ocrx_word' id='word_1_103' title='bbox 2663 2210 2903 2312; x_wconf 87' lang='lat' dir='ltr'>Epicr.</span> <span class='ocrx_word' id='word_1_104' title='bbox 2961 2236 3029 2311; x_wconf 87' lang='lat' dir='ltr'>p.</span> <span class='ocrx_word' id='word_1_105' title='bbox 3064 2220 3230 2327; x_wconf 52' lang='lat' dir='ltr'>fles.</span> 
     </span>
    </p>
   </div>
   <div class='ocr_carea' id='block_1_10' title="bbox 1603 2332 3014 2467">
    <p class='ocr_par' dir='ltr' id='par_1_10' title="bbox 1603 2332 3014 2467">
     <span class='ocr_line' id='line_1_16' title="bbox 1603 2332 3014 2467; baseline 0.001 -38"><span class='ocrx_word' id='word_1_106' title='bbox 1603 2332 1728 2430; x_wconf 87' lang='lat' dir='ltr'>Ad</span> <span class='ocrx_word' id='word_1_107' title='bbox 1778 2363 2076 2429; x_wconf 88' lang='lat' dir='ltr'>truncos</span> <span class='ocrx_word' id='word_1_108' title='bbox 2127 2353 2202 2467; x_wconf 75' lang='lat' dir='ltr'>in</span> <span class='ocrx_word' id='word_1_109' title='bbox 2255 2354 2565 2429; x_wconf 87' lang='lat' dir='ltr'>Guinea.</span> <span class='ocrx_word' id='word_1_110' title='bbox 2669 2356 3014 2455; x_wconf 76' lang='lat' dir='ltr'>Afz-elim.</span> 
     </span>
    </p>
   </div>
   <div class='ocr_carea' id='block_1_11' title="bbox 1461 2470 4544 2607">
    <p class='ocr_par' dir='ltr' id='par_1_11' title="bbox 1461 2470 4544 2607">
     <span class='ocr_line' id='line_1_17' title="bbox 1461 2470 4544 2607; baseline 0.004 -36"><span class='ocrx_word' id='word_1_111' title='bbox 1461 2590 1470 2601; x_wconf 90' lang='lat'>.</span> <span class='ocrx_word' id='word_1_112' title='bbox 1600 2498 1833 2575; x_wconf 88' lang='lat' dir='ltr'>Pileus</span> <span class='ocrx_word' id='word_1_113' title='bbox 1907 2500 2314 2590; x_wconf 85' lang='lat' dir='ltr'>dimidiatus,</span> <span class='ocrx_word' id='word_1_114' title='bbox 2395 2504 2682 2591; x_wconf 85' lang='lat' dir='ltr'>sessilis,</span> <span class='ocrx_word' id='word_1_115' title='bbox 2763 2502 3137 2576; x_wconf 84' lang='lat' dir='ltr'>renisormis</span> <span class='ocrx_word' id='word_1_116' title='bbox 3192 2502 3233 2574; x_wconf 85' lang='lat' dir='ltr'>l.</span> <span class='ocrx_word' id='word_1_117' title='bbox 3295 2502 3839 2607; x_wconf 68' lang='lat' dir='ltr'>semicircularis‚</span> <span class='ocrx_word' id='word_1_118' title='bbox 3872 2470 4089 2574; x_wconf 47' lang='lat'>‘243</span> <span class='ocrx_word' id='word_1_119' title='bbox 4137 2526 4289 2573; x_wconf 89' lang='lat' dir='ltr'>unc.</span> <span class='ocrx_word' id='word_1_120' title='bbox 4346 2498 4544 2585; x_wconf 78' lang='lat' dir='ltr'>latus,</span> 
     </span>
    </p>
   </div>
   <div class='ocr_carea' id='block_1_12' title="bbox 1497 2619 4546 3667">
    <p class='ocr_par' dir='ltr' id='par_1_12' title="bbox 1497 2619 4546 3667">
     <span class='ocr_line' id='line_1_18' title="bbox 1504 2619 4546 2722; baseline -0.001 -27"><span class='ocrx_word' id='word_1_121' title='bbox 1504 2621 2232 2720; x_wconf 85' lang='lat' dir='ltr'>stuposo-suberosus,</span> <span class='ocrx_word' id='word_1_122' title='bbox 2312 2649 2604 2722; x_wconf 85' lang='lat' dir='ltr'>superne</span> <span class='ocrx_word' id='word_1_123' title='bbox 2673 2621 2909 2695; x_wconf 89' lang='lat' dir='ltr'>leviter</span> <span class='ocrx_word' id='word_1_124' title='bbox 2989 2646 3367 2709; x_wconf 84' lang='lat' dir='ltr'>convexus,</span> <span class='ocrx_word' id='word_1_125' title='bbox 3416 2623 3681 2721; x_wconf 84' lang='lat' dir='ltr'>postice</span> <span class='ocrx_word' id='word_1_126' title='bbox 3740 2621 4030 2720; x_wconf 84' lang='lat' dir='ltr'>gibbus,</span> <span class='ocrx_word' id='word_1_127' title='bbox 4078 2619 4546 2719; x_wconf 85' lang='lat' dir='ltr'>inaequabilis,</span> 
     </span>
     <span class='ocr_line' id='line_1_19' title="bbox 1501 2738 4540 2839; baseline -0.001 -26"><span class='ocrx_word' id='word_1_128' title='bbox 1501 2765 1711 2838; x_wconf 86' lang='lat' dir='ltr'>saepe</span> <span class='ocrx_word' id='word_1_129' title='bbox 1762 2738 2167 2828; x_wconf 87' lang='lat' dir='ltr'>nodulosus,</span> <span class='ocrx_word' id='word_1_130' title='bbox 2222 2766 2474 2814; x_wconf 88' lang='lat' dir='ltr'>azonus</span> <span class='ocrx_word' id='word_1_131' title='bbox 2520 2741 2677 2832; x_wconf 90' lang='lat' dir='ltr'>(sed</span> <span class='ocrx_word' id='word_1_132' title='bbox 2733 2741 2987 2839; x_wconf 88' lang='lat' dir='ltr'>passim</span> <span class='ocrx_word' id='word_1_133' title='bbox 3040 2740 3244 2815; x_wconf 87' lang='lat' dir='ltr'>sulcis</span> <span class='ocrx_word' id='word_1_134' title='bbox 3295 2739 3491 2813; x_wconf 87' lang='lat' dir='ltr'>valde</span> <span class='ocrx_word' id='word_1_135' title='bbox 3563 2738 3891 2815; x_wconf 84' lang='lat' dir='ltr'>obsoletis</span> <span class='ocrx_word' id='word_1_136' title='bbox 3965 2739 4268 2836; x_wconf 85' lang='lat' dir='ltr'>notatus)</span> <span class='ocrx_word' id='word_1_137' title='bbox 4321 2740 4540 2838; x_wconf 88' lang='lat' dir='ltr'>primo</span> 
     </span>
     <span class='ocr_line' id='line_1_20' title="bbox 1500 2855 4543 2959; baseline -0.001 -29"><span class='ocrx_word' id='word_1_138' title='bbox 1500 2860 1727 2957; x_wconf 83' lang='lat' dir='ltr'>griseo</span> <span class='ocrx_word' id='word_1_139' title='bbox 1738 2859 2174 2957; x_wconf 82' lang='lat' dir='ltr'>-pruinatus?,</span> <span class='ocrx_word' id='word_1_140' title='bbox 2243 2860 2395 2939; x_wconf 88' lang='lat' dir='ltr'>dein</span> <span class='ocrx_word' id='word_1_141' title='bbox 2473 2860 2816 2958; x_wconf 87' lang='lat' dir='ltr'>glabratus</span> <span class='ocrx_word' id='word_1_142' title='bbox 2871 2884 2910 2931; x_wconf 89' lang='lat' dir='ltr'>e</span> <span class='ocrx_word' id='word_1_143' title='bbox 2963 2858 3279 2958; x_wconf 78' lang='lat' dir='ltr'>fuligineo</span> <span class='ocrx_word' id='word_1_144' title='bbox 3331 2858 3637 2958; x_wconf 89' lang='lat' dir='ltr'>pallidus.</span> <span class='ocrx_word' id='word_1_145' title='bbox 3742 2855 3996 2956; x_wconf 84' lang='lat' dir='ltr'>Margo</span> <span class='ocrx_word' id='word_1_146' title='bbox 4051 2876 4347 2959; x_wconf 82' lang='lat' dir='ltr'>patens,</span> <span class='ocrx_word' id='word_1_147' title='bbox 4390 2883 4543 2929; x_wconf 88' lang='lat' dir='ltr'>acu-</span> 
     </span>
     <span class='ocr_line' id='line_1_21' title="bbox 1500 2950 4544 3075; baseline -0.001 -27"><span class='ocrx_word' id='word_1_148' title='bbox 1500 2989 1641 3062; x_wconf 89' lang='lat' dir='ltr'>tus,</span> <span class='ocrx_word' id='word_1_149' title='bbox 1692 2978 2104 3075; x_wconf 89' lang='lat' dir='ltr'>nigrescens.</span> <span class='ocrx_word' id='word_1_150' title='bbox 2210 2974 2589 3051; x_wconf 78' lang='lat' dir='ltr'>Contextus</span> <span class='ocrx_word' id='word_1_151' title='bbox 2645 2977 2984 3050; x_wconf 89' lang='lat' dir='ltr'>floccoso-</span> <span class='ocrx_word' id='word_1_152' title='bbox 2988 2978 3380 3062; x_wconf 87' lang='lat' dir='ltr'>fibrillosus,</span> <span class='ocrx_word' id='word_1_153' title='bbox 3446 2974 3732 3047; x_wconf 83' lang='lat' dir='ltr'>affinium</span> <span class='ocrx_word' id='word_1_154' title='bbox 3787 2974 4080 3048; x_wconf 68' lang='lat' dir='ltr'>crassior</span> <span class='ocrx_word' id='word_1_155' title='bbox 4134 2986 4202 3047; x_wconf 85' lang='lat' dir='ltr'>et</span> <span class='ocrx_word' id='word_1_156' title='bbox 4250 2950 4544 3066; x_wconf 81' lang='lat' dir='ltr'>mollior,</span> 
     </span>
     <span class='ocr_line' id='line_1_22' title="bbox 1501 3080 4545 3211; baseline -0.001 -45"><span class='ocrx_word' id='word_1_157' title='bbox 1501 3093 1978 3181; x_wconf 78' lang='lat' dir='ltr'>s&#39;ubelasticus,</span> <span class='ocrx_word' id='word_1_158' title='bbox 2027 3097 2291 3211; x_wconf 79' lang='lat' dir='ltr'>griseus</span> <span class='ocrx_word' id='word_1_159' title='bbox 2333 3080 2378 3168; x_wconf 86' lang='lat' dir='ltr'>l.</span> <span class='ocrx_word' id='word_1_160' title='bbox 2432 3098 2660 3196; x_wconf 90' lang='lat' dir='ltr'>potius</span> <span class='ocrx_word' id='word_1_161' title='bbox 2714 3095 2965 3168; x_wconf 88' lang='lat' dir='ltr'>lurido·</span> <span class='ocrx_word' id='word_1_162' title='bbox 2969 3084 3343 3181; x_wconf 86' lang='lat' dir='ltr'>lutescens,</span> <span class='ocrx_word' id='word_1_163' title='bbox 3402 3090 3782 3191; x_wconf 78' lang='lat' dir='ltr'>(siccitate?</span> <span class='ocrx_word' id='word_1_164' title='bbox 3838 3092 4247 3190; x_wconf 89' lang='lat' dir='ltr'>olivascens)</span> <span class='ocrx_word' id='word_1_165' title='bbox 4280 3095 4545 3191; x_wconf 73' lang='lat' dir='ltr'>postire</span> 
     </span>
     <span class='ocr_line' id='line_1_23' title="bbox 1497 3196 4540 3313; baseline -0.001 -28"><span class='ocrx_word' id='word_1_166' title='bbox 1497 3213 1732 3286; x_wconf 88' lang='lat' dir='ltr'>leviter</span> <span class='ocrx_word' id='word_1_167' title='bbox 1809 3225 2107 3285; x_wconf 89' lang='lat' dir='ltr'>zonatus.</span> <span class='ocrx_word' id='word_1_168' title='bbox 2211 3211 2378 3286; x_wconf 89' lang='lat' dir='ltr'>Pori</span> <span class='ocrx_word' id='word_1_169' title='bbox 2448 3217 2671 3313; x_wconf 84' lang='lat' dir='ltr'>parvi,</span> <span class='ocrx_word' id='word_1_170' title='bbox 2720 3214 3021 3301; x_wconf 85' lang='lat' dir='ltr'>rotundi,</span> <span class='ocrx_word' id='word_1_171' title='bbox 3080 3196 3280 3301; x_wconf 86' lang='lat' dir='ltr'>curti,</span> <span class='ocrx_word' id='word_1_172' title='bbox 3335 3215 3444 3285; x_wconf 81' lang='lat' dir='ltr'>vix</span> <span class='ocrx_word' id='word_1_173' title='bbox 3496 3217 3531 3312; x_wconf 63' lang='lat'>{-</span> <span class='ocrx_word' id='word_1_174' title='bbox 3583 3212 3688 3283; x_wconf 91' lang='lat' dir='ltr'>lin.</span> <span class='ocrx_word' id='word_1_175' title='bbox 3743 3209 4091 3309; x_wconf 82' lang='lat' dir='ltr'>profundi·,</span> <span class='ocrx_word' id='word_1_176' title='bbox 4144 3232 4354 3283; x_wconf 86' lang='lat' dir='ltr'>trama</span> <span class='ocrx_word' id='word_1_177' title='bbox 4418 3212 4540 3283; x_wconf 87' lang='lat' dir='ltr'>ob-</span> 
     </span>
     <span class='ocr_line' id='line_1_24' title="bbox 1498 3329 4540 3431; baseline -0.001 -26"><span class='ocrx_word' id='word_1_178' title='bbox 1498 3333 1745 3418; x_wconf 88' lang='lat' dir='ltr'>soleta,</span> <span class='ocrx_word' id='word_1_179' title='bbox 1799 3358 1918 3407; x_wconf 90' lang='lat' dir='ltr'>ore</span> <span class='ocrx_word' id='word_1_180' title='bbox 1970 3331 2256 3429; x_wconf 85' lang='lat' dir='ltr'>regulari</span> <span class='ocrx_word' id='word_1_181' title='bbox 2325 3333 2605 3418; x_wconf 90' lang='lat' dir='ltr'>obtuso;</span> <span class='ocrx_word' id='word_1_182' title='bbox 2686 3336 2902 3431; x_wconf 88' lang='lat' dir='ltr'>primo</span> <span class='ocrx_word' id='word_1_183' title='bbox 2985 3332 3306 3405; x_wconf 89' lang='lat' dir='ltr'>distantes</span> <span class='ocrx_word' id='word_1_184' title='bbox 3385 3330 3869 3431; x_wconf 81' lang='lat' dir='ltr'>punctiformes</span> <span class='ocrx_word' id='word_1_185' title='bbox 3947 3329 4407 3430; x_wconf 78' lang='lat' dir='ltr'>superficiales</span> <span class='ocrx_word' id='word_1_186' title='bbox 4479 3331 4540 3401; x_wconf 88' lang='lat' dir='ltr'>in</span> 
     </span>
     <span class='ocr_line' id='line_1_25' title="bbox 1497 3391 4542 3550; baseline -0.001 -29"><span class='ocrx_word' id='word_1_187' title='bbox 1497 3450 1704 3522; x_wconf 82' lang='lat' dir='ltr'>fundo</span> <span class='ocrx_word' id='word_1_188' title='bbox 1772 3450 2008 3547; x_wconf 84' lang='lat' dir='ltr'>grisei,</span> <span class='ocrx_word' id='word_1_189' title='bbox 2046 3391 2446 3522; x_wconf 57' lang='lat' dir='ltr'>e’adultiores</span> <span class='ocrx_word' id='word_1_190' title='bbox 2526 3453 2781 3550; x_wconf 87' lang='lat' dir='ltr'>stipati,</span> <span class='ocrx_word' id='word_1_191' title='bbox 2854 3455 3030 3523; x_wconf 90' lang='lat' dir='ltr'>intus</span> <span class='ocrx_word' id='word_1_192' title='bbox 3103 3450 3304 3536; x_wconf 89' lang='lat' dir='ltr'>susci,</span> <span class='ocrx_word' id='word_1_193' title='bbox 3356 3476 3475 3522; x_wconf 87' lang='lat' dir='ltr'>ore</span> <span class='ocrx_word' id='word_1_194' title='bbox 3529 3451 3756 3547; x_wconf 86' lang='lat' dir='ltr'>griseo</span> <span class='ocrx_word' id='word_1_195' title='bbox 3811 3448 3873 3520; x_wconf 91' lang='lat' dir='ltr'>l.</span> <span class='ocrx_word' id='word_1_196' title='bbox 3916 3449 4044 3520; x_wconf 86' lang='lat' dir='ltr'>triti</span> <span class='ocrx_word' id='word_1_197' title='bbox 4120 3450 4542 3547; x_wconf 81' lang='lat' dir='ltr'>nigricantes.</span> 
     </span>
     <span class='ocr_line' id='line_1_26' title="bbox 1501 3556 4539 3667; baseline -0.001 -26"><span class='ocrx_word' id='word_1_198' title='bbox 1501 3565 1798 3667; x_wconf 88' lang='lat' dir='ltr'>Species</span> <span class='ocrx_word' id='word_1_199' title='bbox 1852 3566 2048 3639; x_wconf 88' lang='lat' dir='ltr'>valde</span> <span class='ocrx_word' id='word_1_200' title='bbox 2104 3556 2442 3651; x_wconf 89' lang='lat' dir='ltr'>distincta,</span> <span class='ocrx_word' id='word_1_201' title='bbox 2483 3568 2608 3640; x_wconf 87' lang='lat' dir='ltr'>sed</span> <span class='ocrx_word' id='word_1_202' title='bbox 2657 3569 2748 3641; x_wconf 93' lang='lat' dir='ltr'>ob</span> <span class='ocrx_word' id='word_1_203' title='bbox 2793 3571 3062 3642; x_wconf 87' lang='lat' dir='ltr'>colores</span> <span class='ocrx_word' id='word_1_204' title='bbox 3115 3567 3462 3666; x_wconf 86' lang='lat' dir='ltr'>squalidos</span> <span class='ocrx_word' id='word_1_205' title='bbox 3511 3581 3580 3640; x_wconf 86' lang='lat' dir='ltr'>et</span> <span class='ocrx_word' id='word_1_206' title='bbox 3613 3568 3830 3640; x_wconf 88' lang='lat' dir='ltr'>carnis</span> <span class='ocrx_word' id='word_1_207' title='bbox 3875 3567 4255 3641; x_wconf 83' lang='lat' dir='ltr'>mutabilem</span> <span class='ocrx_word' id='word_1_208' title='bbox 4308 3562 4539 3638; x_wconf 82' lang='lat' dir='ltr'>diffici-</span> 
     </span>
    </p>
   </div>
   <div class='ocr_carea' id='block_1_13' title="bbox 1453 3680 4540 3787">
    <p class='ocr_par' dir='ltr' id='par_1_13' title="bbox 1453 3680 4540 3787">
     <span class='ocr_line' id='line_1_27' title="bbox 1453 3680 4540 3787; baseline -0.001 -29"><span class='ocrx_word' id='word_1_209' title='bbox 1453 3680 1626 3759; x_wconf 65' lang='lat' dir='ltr'>‘lius</span> <span class='ocrx_word' id='word_1_210' title='bbox 1680 3685 2131 3783; x_wconf 87' lang='lat' dir='ltr'>agnoscenda.</span> <span class='ocrx_word' id='word_1_211' title='bbox 2233 3681 2346 3755; x_wconf 85' lang='lat' dir='ltr'>Ex</span> <span class='ocrx_word' id='word_1_212' title='bbox 2390 3683 2623 3758; x_wconf 86' lang='lat' dir='ltr'>habitu</span> <span class='ocrx_word' id='word_1_213' title='bbox 2675 3714 2826 3759; x_wconf 88' lang='lat' dir='ltr'>cum</span> <span class='ocrx_word' id='word_1_214' title='bbox 2875 3689 3085 3787; x_wconf 88' lang='lat' dir='ltr'>priori</span> <span class='ocrx_word' id='word_1_215' title='bbox 3142 3689 3509 3787; x_wconf 71' lang='lat' dir='ltr'>pertineret</span> <span class='ocrx_word' id='word_1_216' title='bbox 3559 3686 3644 3758; x_wconf 88' lang='lat' dir='ltr'>ad</span> <span class='ocrx_word' id='word_1_217' title='bbox 3691 3688 3779 3758; x_wconf 85' lang='lat' dir='ltr'>P.</span> <span class='ocrx_word' id='word_1_218' title='bbox 3820 3688 4148 3771; x_wconf 77' lang='lat' dir='ltr'>adustos,</span> <span class='ocrx_word' id='word_1_219' title='bbox 4213 3685 4379 3759; x_wconf 89' lang='lat' dir='ltr'>sed</span> <span class='ocrx_word' id='word_1_220' title='bbox 4393 3687 4540 3784; x_wconf 88' lang='lat' dir='ltr'>pori</span> 
     </span>
    </p>
   </div>
   <div class='ocr_carea' id='block_1_14' title="bbox 1500 3801 2200 3903">
    <p class='ocr_par' dir='ltr' id='par_1_14' title="bbox 1500 3801 2200 3903">
     <span class='ocr_line' id='line_1_28' title="bbox 1500 3801 2200 3903; baseline -0.004 -27"><span class='ocrx_word' id='word_1_221' title='bbox 1500 3806 1770 3881; x_wconf 87' lang='lat' dir='ltr'>omnino</span> <span class='ocrx_word' id='word_1_222' title='bbox 1823 3801 2200 3903; x_wconf 83' lang='lat' dir='ltr'>Polysticti.</span> 
     </span>
    </p>
   </div>
   <div class='ocr_carea' id='block_1_15' title="bbox 1495 3956 4538 4181">
    <p class='ocr_par' dir='ltr' id='par_1_15' title="bbox 1495 3956 4538 4181">
     <span class='ocr_line' id='line_1_29' title="bbox 1504 3956 4538 4067; baseline -0.002 -29"><span class='ocrx_word' id='word_1_223' title='bbox 1504 3966 1583 4038; x_wconf 88' lang='lat' dir='ltr'>P.</span> <span class='ocrx_word' id='word_1_224' title='bbox 1607 3998 1614 4007; x_wconf 88' lang='lat'><strong>·</strong></span> <span class='ocrx_word' id='word_1_225' title='bbox 1639 3966 2031 4062; x_wconf 72' lang='lat' dir='ltr'>(s&#39;rtmosl)</span> <span class='ocrx_word' id='word_1_226' title='bbox 2065 3983 2445 4067; x_wconf 72' lang='lat' dir='ltr'>sonemus</span> <span class='ocrx_word' id='word_1_227' title='bbox 2496 3959 2736 4034; x_wconf 83' lang='lat' dir='ltr'>Berk.!</span> <span class='ocrx_word' id='word_1_228' title='bbox 2774 3959 2968 4060; x_wconf 89' lang='lat' dir='ltr'>pileo</span> <span class='ocrx_word' id='word_1_229' title='bbox 2998 3960 3682 4060; x_wconf 79' lang='lat' dir='ltr'>stuposo-eoriaceo</span> <span class='ocrx_word' id='word_1_230' title='bbox 3712 3956 3929 4061; x_wconf 81' lang='lat' dir='ltr'>plan&#39;o</span> <span class='ocrx_word' id='word_1_231' title='bbox 3966 3985 4009 4034; x_wconf 91' lang='lat' dir='ltr'>e</span> <span class='ocrx_word' id='word_1_232' title='bbox 4035 3958 4357 4061; x_wconf 73' lang='lat' dir='ltr'>velutino</span> <span class='ocrx_word' id='word_1_233' title='bbox 4391 3957 4538 4061; x_wconf 81' lang='lat' dir='ltr'>gla-</span> 
     </span>
     <span class='ocr_line' id='line_1_30' title="bbox 1495 4068 4536 4181; baseline -0.002 -25"><span class='ocrx_word' id='word_1_234' title='bbox 1495 4081 1706 4156; x_wconf 88' lang='lat' dir='ltr'>brato</span> <span class='ocrx_word' id='word_1_235' title='bbox 1761 4078 2200 4181; x_wconf 84' lang='lat' dir='ltr'>inaequabili</span> <span class='ocrx_word' id='word_1_236' title='bbox 2230 4104 2332 4153; x_wconf 82' lang='lat' dir='ltr'>ex</span> <span class='ocrx_word' id='word_1_237' title='bbox 2366 4076 3074 4153; x_wconf 84' lang='lat' dir='ltr'>helvolo-isabellino</span> <span class='ocrx_word' id='word_1_238' title='bbox 3124 4089 3591 4167; x_wconf 86' lang='lat' dir='ltr'>canescente,</span> <span class='ocrx_word' id='word_1_239' title='bbox 3622 4068 4042 4180; x_wconf 63' lang='lat' dir='ltr'>&#39;marginem</span> <span class='ocrx_word' id='word_1_240' title='bbox 4092 4103 4353 4152; x_wconf 84' lang='lat' dir='ltr'>versus</span> <span class='ocrx_word' id='word_1_241' title='bbox 4403 4076 4536 4151; x_wconf 89' lang='lat' dir='ltr'>ob-</span> 
     </span>
    </p>
   </div>
   <div class='ocr_carea' id='block_1_16' title="bbox 1387 4193 4537 4395">
    <p class='ocr_par' dir='ltr' id='par_1_16' title="bbox 1387 4193 4537 4395">
     <span class='ocr_line' id='line_1_31' title="bbox 1439 4193 4537 4297; baseline -0.002 -23"><span class='ocrx_word' id='word_1_242' title='bbox 1439 4282 1446 4293; x_wconf 52' lang='lat'>,</span> <span class='ocrx_word' id='word_1_243' title='bbox 1496 4198 1729 4274; x_wconf 89' lang='lat' dir='ltr'>solete</span> <span class='ocrx_word' id='word_1_244' title='bbox 1782 4198 2088 4283; x_wconf 74' lang='lat' dir='ltr'>sulcam,</span> <span class='ocrx_word' id='word_1_245' title='bbox 2138 4204 2487 4272; x_wconf 69' lang='lat' dir='ltr'>contextu</span> <span class='ocrx_word' id='word_1_246' title='bbox 2544 4193 2867 4283; x_wconf 86' lang='lat' dir='ltr'>helvo10,</span> <span class='ocrx_word' id='word_1_247' title='bbox 2914 4196 3117 4296; x_wconf 86' lang='lat' dir='ltr'>poris</span> <span class='ocrx_word' id='word_1_248' title='bbox 3168 4198 3421 4274; x_wconf 91' lang='lat' dir='ltr'>mediis</span> <span class='ocrx_word' id='word_1_249' title='bbox 3487 4195 3961 4272; x_wconf 81' lang='lat' dir='ltr'>subrotundis</span> <span class='ocrx_word' id='word_1_250' title='bbox 4039 4195 4537 4297; x_wconf 85' lang='lat' dir='ltr'>inaequalibus</span> 
     </span>
     <span class='ocr_line' id='line_1_32' title="bbox 1387 4314 3868 4395; baseline -0.003 1"><span class='ocrx_word' id='word_1_251' title='bbox 1387 4386 1394 4395; x_wconf 95' lang='lat'>.</span> <span class='ocrx_word' id='word_1_252' title='bbox 1497 4344 1540 4394; x_wconf 92' lang='lat' dir='ltr'>e</span> <span class='ocrx_word' id='word_1_253' title='bbox 1594 4317 1817 4394; x_wconf 89' lang='lat' dir='ltr'>dilute</span> <span class='ocrx_word' id='word_1_254' title='bbox 1863 4315 2371 4390; x_wconf 76' lang='lat' dir='ltr'>cimlamomeo</span> <span class='ocrx_word' id='word_1_255' title='bbox 2427 4314 2723 4388; x_wconf 88' lang='lat' dir='ltr'>demum</span> <span class='ocrx_word' id='word_1_256' title='bbox 2776 4339 2947 4390; x_wconf 90' lang='lat' dir='ltr'>rore</span> <span class='ocrx_word' id='word_1_257' title='bbox 3001 4314 3246 4390; x_wconf 89' lang='lat' dir='ltr'>albido</span> <span class='ocrx_word' id='word_1_258' title='bbox 3294 4314 3868 4391; x_wconf 60' lang='lat' dir='ltr'>canescentibus</span> 
     </span>
    </p>
   </div>
   <div class='ocr_carea' id='block_1_17' title="bbox 1599 4446 3113 4563">
    <p class='ocr_par' dir='ltr' id='par_1_17' title="bbox 1599 4446 3113 4563">
     <span class='ocr_line' id='line_1_33' title="bbox 1599 4446 3113 4563; baseline 0 -30"><span class='ocrx_word' id='word_1_259' title='bbox 1599 4459 1725 4534; x_wconf 92' lang='lat' dir='ltr'>Ad</span> <span class='ocrx_word' id='word_1_260' title='bbox 1779 4459 1851 4533; x_wconf 89' lang='lat' dir='ltr'>S.</span> <span class='ocrx_word' id='word_1_261' title='bbox 1901 4460 2088 4533; x_wconf 83' lang='lat' dir='ltr'>Joce</span> <span class='ocrx_word' id='word_1_262' title='bbox 2139 4457 2215 4532; x_wconf 91' lang='lat' dir='ltr'>in</span> <span class='ocrx_word' id='word_1_263' title='bbox 2265 4458 2486 4532; x_wconf 85' lang='lat' dir='ltr'>Costa</span> <span class='ocrx_word' id='word_1_264' title='bbox 2512 4457 2731 4563; x_wconf 62' lang='lat' dir='ltr'>ilica.</span> <span class='ocrx_word' id='word_1_265' title='bbox 2848 4446 3113 4534; x_wconf 64' lang='grc' dir='ltr'>ῥηταί.</span> 
     </span>
    </p>
   </div>
   <div class='ocr_carea' id='block_1_18' title="bbox 1492 4588 4536 5415">
    <p class='ocr_par' dir='ltr' id='par_1_18' title="bbox 1492 4588 4536 5415">
     <span class='ocr_line' id='line_1_34' title="bbox 1597 4588 4536 4707; baseline -0.001 -27"><span class='ocrx_word' id='word_1_266' title='bbox 1597 4604 1968 4705; x_wconf 87' lang='lat' dir='ltr'>Specimen</span> <span class='ocrx_word' id='word_1_267' title='bbox 2025 4632 2064 4677; x_wconf 90' lang='lat' dir='ltr'>e</span> <span class='ocrx_word' id='word_1_268' title='bbox 2116 4606 2274 4677; x_wconf 85' lang='lat' dir='ltr'>loco</span> <span class='ocrx_word' id='word_1_269' title='bbox 2328 4608 2529 4677; x_wconf 85' lang='lat' dir='ltr'>citato</span> <span class='ocrx_word' id='word_1_270' title='bbox 2572 4603 2767 4675; x_wconf 88' lang='lat' dir='ltr'>valde</span> <span class='ocrx_word' id='word_1_271' title='bbox 2821 4605 3335 4705; x_wconf 85' lang='lat' dir='ltr'>incompletum‚</span> <span class='ocrx_word' id='word_1_272' title='bbox 3388 4629 3595 4702; x_wconf 87' lang='lat' dir='ltr'>quare</span> <span class='ocrx_word' id='word_1_273' title='bbox 3647 4629 3686 4676; x_wconf 88' lang='lat' dir='ltr'>e</span> <span class='ocrx_word' id='word_1_274' title='bbox 3740 4600 4270 4707; x_wconf 55' lang='lat' dir='ltr'>Mycophylacio</span> <span class='ocrx_word' id='word_1_275' title='bbox 4356 4588 4536 4677; x_wconf 85' lang='lat' dir='ltr'>Ber-</span> 
     </span>
     <span class='ocr_line' id='line_1_35' title="bbox 1494 4722 4536 4826; baseline -0.001 -29"><span class='ocrx_word' id='word_1_276' title='bbox 1494 4726 1821 4826; x_wconf 80' lang='lat' dir='ltr'>keleyano</span> <span class='ocrx_word' id='word_1_277' title='bbox 1871 4723 2189 4795; x_wconf 89' lang='lat' dir='ltr'>describo</span> <span class='ocrx_word' id='word_1_278' title='bbox 2268 4726 2567 4823; x_wconf 88' lang='lat' dir='ltr'>speciem</span> <span class='ocrx_word' id='word_1_279' title='bbox 2639 4722 3008 4821; x_wconf 84' lang='lat' dir='ltr'>squalidam</span> <span class='ocrx_word' id='word_1_280' title='bbox 3058 4727 3412 4824; x_wconf 88' lang='lat' dir='ltr'>primoque</span> <span class='ocrx_word' id='word_1_281' title='bbox 3467 4723 3705 4793; x_wconf 89' lang='lat' dir='ltr'>obtutu</span> <span class='ocrx_word' id='word_1_282' title='bbox 3764 4723 4160 4821; x_wconf 87' lang='lat' dir='ltr'>ignobilem,</span> <span class='ocrx_word' id='word_1_283' title='bbox 4214 4734 4281 4794; x_wconf 88' lang='lat' dir='ltr'>at</span> <span class='ocrx_word' id='word_1_284' title='bbox 4328 4725 4536 4795; x_wconf 59' lang='lat' dir='ltr'>‘variis</span> 
     </span>
     <span class='ocr_line' id='line_1_36' title="bbox 1497 4839 4534 4941; baseline -0.001 -25"><span class='ocrx_word' id='word_1_285' title='bbox 1497 4845 1863 4916; x_wconf 87' lang='lat' dir='ltr'>rationibus</span> <span class='ocrx_word' id='word_1_286' title='bbox 1891 4844 2249 4939; x_wconf 85' lang='lat' dir='ltr'>insignem,</span> <span class='ocrx_word' id='word_1_287' title='bbox 2282 4839 2365 4913; x_wconf 88' lang='lat' dir='ltr'>P.</span> <span class='ocrx_word' id='word_1_288' title='bbox 2402 4841 2729 4941; x_wconf 84' lang='lat' dir='ltr'>squalenti</span> <span class='ocrx_word' id='word_1_289' title='bbox 2768 4841 3051 4917; x_wconf 86' lang='lat' dir='ltr'>affinem.</span> <span class='ocrx_word' id='word_1_290' title='bbox 3126 4840 3381 4915; x_wconf 90' lang='lat' dir='ltr'>Forma</span> <span class='ocrx_word' id='word_1_291' title='bbox 3419 4842 3613 4914; x_wconf 88' lang='lat' dir='ltr'>valde</span> <span class='ocrx_word' id='word_1_292' title='bbox 3654 4842 4064 4938; x_wconf 86' lang='lat' dir='ltr'>irregularis,</span> <span class='ocrx_word' id='word_1_293' title='bbox 4118 4840 4322 4939; x_wconf 80' lang='lat' dir='ltr'>vulgo</span> <span class='ocrx_word' id='word_1_294' title='bbox 4372 4866 4534 4939; x_wconf 87' lang='lat' dir='ltr'>pro-</span> 
     </span>
     <span class='ocr_line' id='line_1_37' title="bbox 1494 4958 4535 5059; baseline -0.001 -26"><span class='ocrx_word' id='word_1_295' title='bbox 1494 4974 1700 5035; x_wconf 85' lang='lat' dir='ltr'>tracta</span> <span class='ocrx_word' id='word_1_296' title='bbox 1758 4961 1830 5059; x_wconf 85' lang='lat' dir='ltr'>(i.</span> <span class='ocrx_word' id='word_1_297' title='bbox 1890 4987 1948 5034; x_wconf 91' lang='lat' dir='ltr'>e.</span> <span class='ocrx_word' id='word_1_298' title='bbox 1997 4962 2425 5033; x_wconf 86' lang='lat' dir='ltr'>transversim</span> <span class='ocrx_word' id='word_1_299' title='bbox 2490 4959 2794 5058; x_wconf 87' lang='lat' dir='ltr'>multiplo</span> <span class='ocrx_word' id='word_1_300' title='bbox 2866 4961 3075 5033; x_wconf 85' lang='lat' dir='ltr'>latior.</span> <span class='ocrx_word' id='word_1_301' title='bbox 3130 4972 3198 5032; x_wconf 90' lang='lat' dir='ltr'>et</span> <span class='ocrx_word' id='word_1_302' title='bbox 3252 4959 3606 5039; x_wconf 82' lang='lat' dir='ltr'>lateraliter</span> <span class='ocrx_word' id='word_1_303' title='bbox 3660 4958 3971 5059; x_wconf 74' lang='lat' dir='ltr'>adnata),</span> <span class='ocrx_word' id='word_1_304' title='bbox 4027 4972 4093 5031; x_wconf 87' lang='lat' dir='ltr'>at</span> <span class='ocrx_word' id='word_1_305' title='bbox 4144 4963 4353 5041; x_wconf 77' lang='lat' dir='ltr'>variat</span> <span class='ocrx_word' id='word_1_306' title='bbox 4406 4960 4535 5031; x_wconf 84' lang='lat' dir='ltr'>late</span> 
     </span>
     <span class='ocr_line' id='line_1_38' title="bbox 1501 5074 4532 5180; baseline -0.001 -27"><span class='ocrx_word' id='word_1_307' title='bbox 1501 5078 2151 5180; x_wconf 78' lang='lat' dir='ltr'>resupinato—effusa.</span> <span class='ocrx_word' id='word_1_308' title='bbox 2270 5074 2692 5176; x_wconf 80' lang='lat' dir='ltr'>Superficies</span> <span class='ocrx_word' id='word_1_309' title='bbox 2755 5080 3024 5151; x_wconf 87' lang='lat' dir='ltr'>omnino</span> <span class='ocrx_word' id='word_1_310' title='bbox 3093 5104 3338 5164; x_wconf 90' lang='lat' dir='ltr'>azona,</span> <span class='ocrx_word' id='word_1_311' title='bbox 3404 5079 3470 5149; x_wconf 93' lang='lat' dir='ltr'>in</span> <span class='ocrx_word' id='word_1_312' title='bbox 3551 5089 3723 5150; x_wconf 84' lang='lat' dir='ltr'>statu</span> <span class='ocrx_word' id='word_1_313' title='bbox 3807 5080 4122 5174; x_wconf 88' lang='lat' dir='ltr'>primario</span> <span class='ocrx_word' id='word_1_314' title='bbox 4174 5079 4532 5151; x_wconf 68' lang='lat' dir='ltr'>villosove·</span> 
     </span>
     <span class='ocr_line' id='line_1_39' title="bbox 1497 5195 4532 5295; baseline -0.002 -25"><span class='ocrx_word' id='word_1_315' title='bbox 1497 5200 1697 5271; x_wconf 89' lang='lat' dir='ltr'>lutina</span> <span class='ocrx_word' id='word_1_316' title='bbox 1779 5196 2053 5271; x_wconf 86' lang='lat' dir='ltr'>sordide</span> <span class='ocrx_word' id='word_1_317' title='bbox 2113 5196 2410 5284; x_wconf 81' lang='lat' dir='ltr'>sulvella,</span> <span class='ocrx_word' id='word_1_318' title='bbox 2489 5197 2711 5269; x_wconf 88' lang='lat' dir='ltr'>adulta</span> <span class='ocrx_word' id='word_1_319' title='bbox 2762 5224 2927 5270; x_wconf 87' lang='lat' dir='ltr'>vero</span> <span class='ocrx_word' id='word_1_320' title='bbox 2999 5223 3400 5283; x_wconf 88' lang='lat' dir='ltr'>canescens,</span> <span class='ocrx_word' id='word_1_321' title='bbox 3451 5195 3922 5294; x_wconf 83' lang='lat' dir='ltr'>inaequabilis,</span> <span class='ocrx_word' id='word_1_322' title='bbox 4001 5223 4239 5270; x_wconf 89' lang='lat' dir='ltr'>versus</span> <span class='ocrx_word' id='word_1_323' title='bbox 4292 5197 4532 5295; x_wconf 82' lang='lat' dir='ltr'>margi-</span> 
     </span>
     <span class='ocr_line' id='line_1_40' title="bbox 1492 5311 4532 5415; baseline -0.002 -24"><span class='ocrx_word' id='word_1_324' title='bbox 1492 5343 1646 5391; x_wconf 86' lang='lat' dir='ltr'>nem</span> <span class='ocrx_word' id='word_1_325' title='bbox 1731 5316 1934 5391; x_wconf 87' lang='lat' dir='ltr'>sulcis</span> <span class='ocrx_word' id='word_1_326' title='bbox 2010 5316 2338 5390; x_wconf 82' lang='lat' dir='ltr'>obsoletis</span> <span class='ocrx_word' id='word_1_327' title='bbox 2391 5328 2459 5388; x_wconf 91' lang='lat' dir='ltr'>et</span> <span class='ocrx_word' id='word_1_328' title='bbox 2508 5318 2987 5415; x_wconf 83' lang='lat' dir='ltr'>irregularibus</span> <span class='ocrx_word' id='word_1_329' title='bbox 3035 5326 3334 5402; x_wconf 80' lang='lat' dir='ltr'>notatus3</span> <span class='ocrx_word' id='word_1_330' title='bbox 3388 5328 3457 5390; x_wconf 82' lang='lat' dir='ltr'>et</span> <span class='ocrx_word' id='word_1_331' title='bbox 3496 5317 3559 5388; x_wconf 91' lang='lat' dir='ltr'>in</span> <span class='ocrx_word' id='word_1_332' title='bbox 3614 5340 3803 5414; x_wconf 84' lang='lat' dir='ltr'>spec.</span> <span class='ocrx_word' id='word_1_333' title='bbox 3866 5311 4076 5388; x_wconf 85' lang='lat' dir='ltr'>Berk.</span> <span class='ocrx_word' id='word_1_334' title='bbox 4130 5318 4209 5413; x_wconf 86' lang='lat' dir='ltr'>(e</span> <span class='ocrx_word' id='word_1_335' title='bbox 4252 5316 4532 5388; x_wconf 83' lang='lat' dir='ltr'>statione</span> 
     </span>
    </p>
   </div>
   <div class='ocr_carea' id='block_1_19' title="bbox 4873 0 4877 1022">
    <p class='ocr_par' dir='ltr' id='par_1_19' title="bbox 4873 0 4877 1022">
     <span class='ocr_line' id='line_1_41' title="bbox 4873 0 4877 1022; baseline 0 0"><span class='ocrx_word' id='word_1_336' title='bbox 4873 0 4877 1022; x_wconf 95' lang='lat' dir='ltr'> </span> 
     </span>
    </p>
   </div>
   <div class='ocr_carea' id='block_1_20' title="bbox 4870 1247 4880 6041">
    <p class='ocr_par' dir='ltr' id='par_1_20' title="bbox 4870 1247 4880 6041">
     <span class='ocr_line' id='line_1_42' title="bbox 4870 1247 4880 6041; baseline 0 0"><span class='ocrx_word' id='word_1_337' title='bbox 4870 1247 4880 6041; x_wconf 95' lang='lat' dir='ltr'> </span> 
     </span>
    </p>
   </div>
  </div>
 </body>
</html>
