4984 6517
1299 512 1479 598 342

1188 752 1367 800 nunc
1432 721 1587 795 mihi
1663 731 1767 794 est
1838 719 2446 816 persuasissimum.
2549 711 2764 786 Immo
2817 710 3210 786 Durvillaea
3268 710 3571 813 Harveyi
3625 711 3833 795 Hook,
3909 738 4059 783 cum
4112 723 4268 784 nota
4323 710 4457 796 illa,

1191 870 1321 943 qua
1403 839 1844 936 distinguitur,
1912 838 1977 906 iu
2037 836 2215 908 veris
2267 831 2364 905 D.
2421 831 2592 904 utilis
2641 829 2869 903 formis
2920 833 3116 902 etiam
3169 831 3558 915 inveniatur,
3612 828 3918 902 distincta
3967 855 4101 901 non
4157 840 4457 926 apparet.

1189 960 1568 1033 Laminaria
1652 954 2048 1027 Potatorum
2134 951 2336 1047 Bory
2408 948 2688 1046 Voyage’
2735 949 2818 1019 de
2865 948 2938 1020 la
3000 946 3330 1045 Coquille,
3384 947 3545 1019 Boc.
3608 945 3858 1046 Crypt.
3899 975 3979 1045 p.
4038 955 4177 1030 100,
4236 944 4458 1043 quoad

1191 1088 1413 1159 locum
1488 1076 1795 1157 natalem,
1842 1082 1947 1144 est
2023 1079 2210 1141 certo
2264 1067 2512 1139 certius
2587 1063 2683 1136 D.
2739 1065 2941 1150 utilis,
2994 1065 3196 1137 thallo
3253 1065 3456 1163 plano
3511 1092 3642 1135 non
3699 1063 4244 1136 cenoso-inflato.
4347 1060 4459 1135 Ne

1193 1216 1414 1277 autem
1490 1196 1658 1268 baec
1731 1191 1949 1260 omnia
2004 1213 2041 1257 a
2105 1211 2209 1257 me
2275 1197 2529 1256 temere
2606 1181 2778 1254 dicta
2835 1183 3184 1256 videantur
3231 1198 3300 1257 et
3352 1210 3488 1282 quo
3543 1183 3810 1281 plantae
3864 1181 4160 1253 variandi
4219 1180 4459 1253 modus

1194 1320 1433 1393 melius
1496 1313 1787 1393 eluceat,
1873 1306 2122 1377 formas
2177 1326 2448 1385 omues,
2505 1325 2671 1397 quas
2721 1299 2977 1386 habeo,
3056 1303 3457 1399 insigniores
3505 1304 3740 1399 paucis
3795 1302 4022 1375 verbis
4072 1298 4461 1371 describere

1196 1446 1399 1540 juvat.

1304 1619 1369 1663 a.
1426 1581 1677 1681 Stipite
1733 1579 1862 1651 3-4
1919 1575 2146 1650 lineas
2199 1571 2343 1647 alto
2393 1580 2466 1646 et
2517 1575 2548 1670 Ξ
2604 1568 2839 1643 lineae
2875 1592 3125 1642 crasso
3163 1592 3206 1642 a
3243 1566 3399 1642 basi
3448 1574 3816 1643 attenuato
3848 1567 4056 1666 apice
4097 1566 4464 1666 paululum

1422 1698 1814 1799 explanato
1868 1691 2294 1791 ibidemque
2344 1685 2624 1762 laciniis
2696 1685 3019 1787 quinque
3088 1684 3319 1785 planis
3368 1681 4466 1759 coriaceo·submembranaceis

1423 1810 1958 1893 sublinearibus
2015 1807 2058 1884 1.
2117 1806 2276 1880 basi
2345 1802 2726 1879 attenuatis
2812 1803 2940 1875 3-4
3020 1802 3248 1878 lineas
3328 1802 3567 1904 longis
3647 1801 4248 1903 semiliueamque
4315 1801 4467 1876 latis

1416 1942 1698 2012 ornato.

1512 2086 1637 2163 Ad
1688 2076 2156 2180 ValparaiSO,
2210 2074 2286 2147 in
2339 2071 2526 2146 callo
2581 2072 2876 2147 radicali
2928 2071 3215 2147 adultae
3264 2070 3548 2170 plantae
3602 2082 3833 2146 enata.

1312 2244 1370 2318 b.
1425 2238 1678 2338 Stipite
1726 2233 2013 2308 circiter
2064 2235 2111 2306 5
2165 2232 2394 2306 lineas
2447 2229 2592 2305 alto
2642 2224 2798 2301 basi
2844 2224 3359 2326 sesquiliueam
3414 2248 3663 2299 crasso
3717 2250 4038 2358 superne
4106 2234 4469 2299 attenuato

1427 2366 1502 2433 et
1557 2355 1632 2429 in
1693 2352 2029 2427 laminam
2085 2346 2688 2422 membranaceo·
2691 2343 3099 2417 coriaceam
3153 2331 3549 2442 oblongam
3598 2341 3926 2443 margine
3975 2341 4253 2416 laciniis
4305 2342 4472 2417 sim-

1426 2469 1736 2573 plicibus
1780 2493 2015 2568 usque
2070 2467 2151 2540 5-
2153 2462 2623 2567 pollicaribus
2674 2459 3254 2536 membranaceis
3314 2470 3640 2533 ornatam
3694 2483 4050 2560 expanso.

1518 2626 1700 2697 Cum
1748 2619 1976 2721 priori
2025 2618 2280 2692 forma.

1321 2813 1377 2856 c.
1433 2776 1636 2853 Callo
1703 2770 1996 2847 radicali
2062 2778 2342 2843 scutato
2378 2766 2969 2868 sesquipollicem
3022 2767 3386 2843 diametro
3441 2775 3829 2868 aequante,
3900 2767 4137 2867 stipite
4186 2767 4475 2868 3-polli-

1432 2893 1580 2969 cari
1633 2890 1912 2965 inferne
1964 2883 2633 2986 compressiusculo
2687 2909 3008 2985 superne
3059 2909 3490 2985 compresso
3545 2893 3617 2960 et
3667 2885 4106 2960 inlaminam
4142 2886 4476 2985 15-polli·

1438 3034 1681 3086 carem
1767 3003 1977 3105 apice
2050 3011 2324 3078 tantum
2371 3027 2594 3102 parce
2650 3000 3280 3076 cenoso-inflatam
3336 3001 3739 3079 laciniatam
3784 3027 4154 3103 expanso,
4204 3002 4479 3078 laciniis

1432 3124 1850 3203 lateralibus
1908 3129 1981 3196 et
2017 3117 2517 3195 terminalibus
2558 3118 2881 3221 angustis
2920 3119 2994 3192 in
3022 3117 3368 3194 lacinulas
3405 3121 3951 3222 angustissimas
3978 3122 4240 3197 iterum
4269 3121 4476 3196 fissis».

1620 3277 2020 3378 Halymenia
2102 3278 2444 3348 incurvata
2520 3304 2578 3347 v.
2655 3272 2868 3347 Suhr.
2945 3272 3122 3368 Reg.
3194 3271 3419 3345 Flora
3494 3281 3661 3350 1859
3726 3285 3940 3349 mter.
3996 3276 4245 3358 Band,
4307 3301 4480 3374 quae

1718 3406 1949 3468 nostra
2000 3393 2141 3466 sere
2195 3403 2330 3478 est,
2384 3396 2447 3465 in
2504 3418 2590 3465 eo
2631 3405 2879 3463 tantum
2928 3389 3225 3477 diversa,
3270 3390 3458 3488 quod
3510 3391 3736 3465 nullibi
3777 3407 3883 3467 est
3909 3393 4146 3465 thallus
4191 3392 4480 3466 celloso—

1714 3510 1998 3585 inflatus.

1622 3643 1995 3717 Laminaria
2055 3642 2551 3742 Caepaestipes
2610 3643 2823 3717 Mont
2870 3643 3052 3717 Sere.
3125 3643 3383 3737 Patag.
3420 3669 3504 3742 p.
3569 3654 3651 3716 ΙΙ.
3706 3642 3885 3744 (sec.
3947 3647 4017 3716 J.
4085 3651 4224 3743 Ag.
4280 3649 4323 3720 l.
4377 3647 4486 3751 c.)

1727 3806 1821 3819 —
1884 3759 2279 3859 Descriptio
2335 3759 2517 3858 apud
2568 3761 2765 3833 Kiitz
2840 3761 2964 3859 Sp.
2991 3786 3074 3859 p.
3128 3763 3263 3833 585
3310 3757 3564 3856 (Durv.
3606 3759 4041 3862 Montagnei)
4093 3769 4156 3838 in
4188 3779 4482 3839 nostram

1726 3877 2003 3949 formam
2054 3878 2359 3976 perbene
2412 3876 2608 3950 cadit.

1532 4010 1657 4083 Ad
1703 4009 1940 4084 littora
1993 4033 2228 4109 prope
2284 4008 2732 4109 Valparaiso.

1328 4152 1390 4222 d.
1448 4144 1648 4219 Callo
1705 4143 1995 4219 radicali
2047 4168 2090 4218 e
2144 4141 2346 4217 fibris
2412 4144 2677 4219 crassis
2737 4153 2991 4218 centro
3047 4144 3587 4221 confluentibus
3648 4149 3976 4251 margine
4030 4149 4191 4250 plus
4245 4149 4481 4223 minus

1435 4262 1684 4339 liberis
1737 4263 2086 4348 conflato,
2144 4261 2383 4363 stipite
2436 4260 2791 4362 pollicari,
2841 4258 3062 4334 thallo
3136 4285 3370 4363 usque
3429 4261 3498 4335 in
3557 4263 3759 4340 basin
3815 4266 4100 4400 planam
4153 4264 4485 4341 laciniato

1441 4384 1521 4455 5-
1525 4379 1799 4482 pedali,
1854 4378 2131 4454 laciniis
2185 4377 2684 4488 loriformibus
2735 4376 3183 4478 simplicibus
3243 4377 3285 4452 l.
3334 4378 3581 4455 divisis
3634 4384 4077 4484 compressis
4145 4382 4488 4458 omnibus

1438 4496 2033 4572 celloso-inflatiS.

1522 4633 1766 4730 Prope
1810 4629 2260 4728 Valparais0.

1526 4781 1724 4856 Haec
1809 4784 2051 4867 forma,
2127 4807 2301 4880 quae
2378 4796 2664 4881 propter
2728 4783 3028 4869 thallum,
3103 4785 3320 4858 infima
3372 4798 3620 4857 tautum
3683 4800 3970 4887 excepta
4020 4790 4200 4875 basi,
4277 4805 4486 4863 totum
4549 4842 4562 4852 -

1225 4901 1573 4999 eleganter
1620 4899 2204 4974 cenoso-inflatum
2258 4925 2345 4972 ex
2411 4901 2722 4974 omnibus
2783 4900 3046 4973 videtur
3093 4902 3249 4973 mihi
3293 4905 3578 4977 maxime
3625 4905 4161 4979 characteristica
4215 4921 4284 4980 et
4336 4936 4485 4981 cum

1225 5019 1435 5116 figura
1489 5015 1813 5118 Boryana
1864 5015 2095 5118 (Voy.
2151 5018 2233 5088 de
2283 5016 2355 5088 la
2417 5016 2735 5116 Coquille,
2789 5019 2950 5091 Boc.
3011 5015 3319 5119 Crypt.)
3369 5023 3610 5093 eximie
3639 5047 4058 5118 congruenS,
4112 5024 4316 5097 babet
4352 5025 4486 5096 cal-

1227 5136 1358 5207 lum
1416 5135 1774 5208 radicalem
1826 5137 1920 5222 ei,
1996 5157 2132 5232 quo
2185 5133 2601 5233 dignoscitur
2649 5132 3040 5208 Durvillaea
3100 5132 3401 5238 Harveyi
3460 5138 3671 5211 Hook.
3729 5138 3843 5211 Fl.
3902 5139 4232 5213 Antarct.
4289 5142 4488 5239 plane

1226 5254 1490 5339 similis,
1549 5253 1725 5327 unde
1769 5251 1939 5324 baec
1993 5253 2137 5324 calli
2194 5252 2548 5327 diversitas
2579 5253 2665 5325 ad
2696 5256 2996 5352 speciem
3036 5253 3572 5352 distinguendam
3595 5281 3833 5353 parum
3865 5256 4176 5331 sufficere
4202 5257 4482 5332 videtur.
