4984 6517
3447 602 3562 688 35
3712 673 3719 681 .

621 830 838 901 ctum,
885 819 1110 917 stipite
1162 843 1529 918 squamoso
1601 817 1952 893 subvelato
2033 829 2102 889 et
2176 817 2486 903 lamellis,
2523 818 2613 889 ita
2662 818 2886 891 intime
2940 831 3270 918 cognatus
3334 832 3439 893 est
3515 846 3668 893 cum

627 933 954 1034 Lepideis
1005 936 1240 1038 Epicr.
1293 965 1357 1011 n.
1411 942 1713 1026 43-17,
1767 951 1842 1011 ut
1888 937 1975 1009 ad
2026 936 2308 1010 eandem
2361 937 2606 1010 tribum
2657 936 2998 1011 referatur.
3128 937 3432 1027 Statura,
3484 951 3555 1012 ut
3600 942 3665 1012 in

624 1052 708 1127 L.
758 1055 1028 1153 lepide«)
1050 1112 1068 1142 ‚
1120 1057 1366 1130 infinite
1419 1059 1636 1145 varia,
1684 1056 1962 1129 lamellis
2014 1082 2178 1130 vero
2231 1055 2478 1155 pallide
2533 1058 3010 1130 cinnamomeis
3055 1056 3421 1131 distinctus.
3519 1055 3666 1131 Re·

623 1173 804 1246 cedit
854 1174 1126 1274 quidem
1181 1177 1364 1275 pileo
1415 1174 1587 1249 laevi
1643 1187 1712 1249 et
1758 1177 2029 1274 glabro,
2080 1175 2206 1249 sed
2259 1178 2455 1248 etiam
2509 1177 2574 1247 in
2626 1177 2715 1248 L.
2767 1176 3021 1276 lepidae
3079 1179 3477 1250 observatur
3548 1202 3665 1248 va-

625 1293 823 1365 rietas
878 1293 1086 1367 laevis
1132 1307 1201 1368 et
1254 1296 1322 1367 in
1368 1294 1455 1365 L.
1499 1294 2032 1392 suffrutescente
2098 1294 2881 1393 tessulato·squamosus.
2994 1293 3259 1368 Statum
3338 1297 3665 1392 juniorem

622 1421 692 1481 et
744 1412 956 1509 magis
1008 1413 1373 1486 normalem
1427 1413 1622 1511 hujus
1675 1414 1930 1513 speciei
1982 1416 2152 1485 sistit
2203 1413 2403 1486 Lent.
2446 1413 3015 1486 Mannardianus
3047 1410 3271 1486 Mont.
3303 1416 3369 1486 in
3393 1411 3665 1513 Exped.

621 1555 720 1600 sc.
765 1526 926 1628 Alg.
979 1542 1023 1602 t.
1076 1540 1176 1604 20.
1230 1530 1270 1603 s.
1323 1541 1382 1602 2.

621 1663 656 1692 ⁶
707 1660 787 1736 L.
843 1663 1350 1768 (Dssnmomn)
1404 1686 1936 1739 nonum-mus.
2040 1662 2272 1764 Epicr.
2321 1692 2388 1764 p.
2441 1670 2582 1738 319.

727 1796 955 1872 Pilens
1007 1804 1328 1874 vetustior
1376 1805 1444 1875 in
1498 1802 1799 1874 colorem
1859 1800 2231 1873 alutaceum
2283 1802 2438 1874 abit.
2543 1799 2889 1876 Lamellae
2938 1829 3147 1902 saepe
3190 1804 3455 1901 postice
3509 1829 3664 1874 ana-

614 1932 1099 2004 mammantes,
1171 1919 1327 1992 hinc
1406 1920 1617 1994 affinis
1675 1933 1782 1994 est
1829 1920 1918 1991 L.
1974 1920 2309 1993 revelatus
2361 1917 2572 1993 Berk.
2625 1919 2803 1994 Dec.
2857 1948 2920 1994 n.
2973 1925 3126 2008 ⁴60,
3204 1921 3362 2020 pilei
3435 1920 3665 1994 colore

622 2036 823 2108 modu
883 2040 1229 2111 recedens.

530 2168 683 2244 θέε.
787 2172 867 2244 L.
931 2176 1343 2247 resinaceum
1407 2173 1618 2268 Trog.
1675 2173 2112 2247 amicissimus
2160 2175 2469 2247 inventor
2520 2201 2557 2247 a
2606 2175 2693 2247 L.
2730 2173 3215 2277 pulverulento
3263 2172 3497 2274 Epicr.
3525 2176 3566 2248 l.
3607 2203 3664 2249 c.

635 2292 807 2364 haud
863 2292 1123 2364 differre
1176 2318 1303 2390 per
1353 2292 1603 2366 litteras
1650 2304 1896 2365 monet.

466 2480 514 2540 u.
622 2468 702 2544 L.
763 2472 1250 2574 (Damnum)
1304 2496 1823 2550 rum-unusus.
1932 2474 2172 2576 Epicr.
2228 2475 2272 2550 1.
2331 2502 2391 2550 c.

727 2612 807 2688 111
863 2616 1083 2688 costa
1131 2612 1339 2701 Rica,
1396 2613 1491 2689 ad
1535 2624 1822 2692 terram.

727 2764 1018 2864 Species
1071 2768 1246 2840 bene
1299 2765 1602 2853 diversa,
1678 2792 1831 2840 cum
1884 2764 2025 2861 Ag.
2079 2762 2676 2866 omphalomorpho
2725 2759 2915 2836 Bert.
2969 2760 3144 2860 (Cfr.
3188 2759 3413 2837 Mont.
3470 2761 3665 2836 Cent.

618 2892 679 2956 ³1.
719 2912 779 2956 n.
827 2892 935 2980 59)
991 2884 1180 2959 facile
1233 2910 1571 2983 congrua;
1626 2895 1692 2955 at
1747 2894 2000 2955 mutato
2049 2910 2302 2983 genere
2355 2884 2553 2956 etiam
2606 2883 2862 2981 speciei
2915 2907 3193 2970 nomen,
3244 2884 3312 2954 in
3363 2881 3497 2955 hoc
3543 2909 3666 2981 ge-

631 3028 787 3076 nere
843 3032 1119 3100 vagum,
1170 3016 1425 3076 mutare
1478 3029 1764 3076 necesse
1813 3001 1988 3074 duxi.

622 3140 655 3172 ⁸*
699 3140 775 3216 1..
831 3144 1339 3247 (Ennianum)
1401 3165 1918 3219 uouemus.
2020 3143 2255 3244 Epicr.
2307 3173 2375 3245 p.
2429 3151 2572 3217 392.

731 3284 823 3360 Ut
875 3288 1071 3360 Lens.
1131 3284 1372 3361 badius
1424 3285 1634 3362 Berk.
1687 3288 1771 3360 ad
1823 3284 2284 3374 Scleromata,
2336 3287 2445 3360 hic
2497 3288 2584 3359 ad
2637 3287 3274 3388 Comucopioideos
3324 3289 3665 3360 transitum

631 3408 927 3504 praebet.
1031 3408 1119 3476 L.
1151 3405 1579 3506 polychr-vus
1641 3403 1812 3480 Lev.
1864 3404 1948 3479 L.
1996 3406 2350 3506 alopecino
2407 3405 2699 3493 accedit,
2760 3419 2832 3477 ut
2867 3436 2930 3479 n.
2961 3411 3039 3478 45
3075 3405 3240 3478 infra
3295 3403 3379 3479 L.
3434 3407 3665 3480 teneri.

1502 3594 1946 3670 Sounoua,
2055 3592 2322 3667 Tribus
2373 3617 2584 3666 nova.

731 3728 1427 3828 Lignum-indura&
1481 3734 1717 3836 stipite
1764 3734 2043 3837 absque
2094 3734 2295 3822 ve10,
2374 3735 2511 3810 sed
2589 3735 2864 3810 vellere
2933 3732 3253 3808 velutino
3339 3732 3666 3833 primitus

626 3844 983 3932 obductu,
1031 3852 1103 3924 in
1158 3848 1529 3952 plerisque
1582 3852 1861 3952 (forsan
1913 3853 2285 3941 omnibuS‚
2340 3853 2509 3928 licet
2553 3852 2628 3927 in
2679 3850 3196 3952 speciminibus
3246 3851 3513 3927 avulsis
3537 3852 3667 3928 ba-

622 3964 719 4036 sis
771 3968 843 4040 in
903 3966 1486 4068 Mys-nphylaciis
1542 3971 1759 4071 desit)
1812 3970 2132 4071 mycelio
2183 3981 2451 4046 terram
2500 3971 2576 4046 in
2628 3996 2941 4046 massam
3024 3968 3411 4046 informem
3490 3997 3667 4047 con-

626 4082 987 4180 globant-e.
1099 4083 1339 4161 Pileus
1393 4088 1685 4191 glaber,
1748 4088 1974 4163 laevis
2020 4088 2062 4164 l.
2110 4089 2925 4191 squamam-maculatus
3009 4093 3192 4190 (non
3277 4088 3553 4190 pilosus
3616 4090 3660 4165 l.

626 4200 1472 4309 diffraetffisquamosus).
1596 4207 1963 4284 Lamellae
2026 4216 2315 4294 tenues,
2375 4207 2751 4308 aequaleS,
2810 4206 3174 4308 simplices
3235 4207 3278 4283 l.
3334 4207 3665 4284 dichoto-

626 4344 799 4392 mau.
907 4323 1329 4416 Regianibus
1382 4327 1630 4400 calidis
1672 4338 1906 4428 prim,-
1963 4324 2620 4425 Cornucopioidei,
2692 4340 2998 4401 maxime
3052 4330 3352 4429 affines,
3431 4340 3668 4430 stipite

635 4440 875 4532 glabre:
931 4460 997 4512 et
1039 4443 1226 4544 pileo
1272 4455 1570 4518 tenuiori
1619 4444 1991 4520 recedunt.
2099 4444 2192 4519 H.
2254 4443 2296 4518 l.
2352 4445 2441 4517 L.
2489 4456 2901 4542 giganteus,
2954 4449 3379 4534 maculatus,
3457 4446 3665 4521 obnu-

635 4556 835 4644 hilm,
887 4561 1351 4660 stenffpbyllm
1401 4561 1617 4635 Berk.
1637 4622 1654 4650 ,
1737 4565 1825 4636 L.
1858 4572 2236 4660 javanicus
2286 4561 2494 4649 Lev.,
2551 4570 2622 4637 at
2681 4562 3009 4640 lamellae
3064 4563 3400 4641 dicuntur
3450 4565 3668 4670 poly-

631 4676 1039 4776 dynam-au?

434 4824 526 4888 Ιῠ.
639 4816 707 4888 L.
767 4816 1254 4918 (Semnum)
1300 4842 1797 4896 nzsclmnmts.
1904 4821 2148 4922 Epicr.
2205 4848 2274 4923 p.
2337 4832 2479 4898 390.

723 4960 803 5032 ln
855 4968 1047 5032 terra
1099 4959 1434 5060 glareosa
1484 4964 1839 5040 Guineae.
1948 4966 2294 5064 Afzelius.
2398 4970 2498 5041 Ic.
2554 4978 2667 5043 22.

723 5096 947 5168 Radix-
1003 5128 1043 5172 e
1091 5104 1375 5201 mycelio
1425 5105 1579 5179 albo
1631 5105 1945 5178 floccoso
2000 5118 2242 5180 terram
2298 5121 2479 5183 arcte
2538 5121 2607 5180 et
2660 5108 2928 5182 definite
2976 5111 3460 5209 conglobante‚
3491 5139 3665 5184 nunc

635 5216 815 5312 lunga
875 5228 947 5308 (3
999 5220 1310 5319 pollices)
1371 5221 1766 5310 susisormis,
1851 5253 2028 5299 nunc
2086 5228 2407 5301 tuberosa
2459 5228 2600 5301 fere
2658 5228 2942 5327 lapidea.
3069 5226 3306 5328 Stipes
3357 5255 3509 5302 cum
3559 5256 3665 5302 ra·-

631 5332 767 5408 diee
823 5340 1216 5436 euntiguus,
1273 5338 1561 5427 solidus,
1611 5342 2298 5441 ligneo-durissimus,
2349 5347 2665 5446 pollicem
2719 5373 3021 5434 crassus,
3072 5346 3480 5447 longitndine
3548 5376 3665 5421 va-
