4984 6517
1346 560 1517 644 338

1232 773 1447 844 minus
1496 772 1837 871 complete
1894 783 2403 859 transmutatae,
2457 800 2695 874 sparse
2757 774 3240 849 vesiculiferae.
3344 775 3710 851 Vesiculae
3764 779 3830 849 in
3883 778 4170 875 pinnulis
4221 805 4501 876 sparsae

1231 913 1407 960 nuuc
1465 889 2249 988 elongato-ellipsoidea,
2306 918 2484 964 nunc
2535 893 2909 990 oblongae,
2961 896 3165 965 immo
3221 892 3667 978 lanceolatae,
3716 895 3880 967 linea
3937 922 4149 993 saepe
4189 922 4324 967 non
4360 896 4504 967 lon-

1231 1008 1489 1102 giores,
1546 1007 1669 1080 sed
1723 1034 2199 1106 nonnunquam
2259 1050 2353 1063 —
2409 1010 2562 1082 licet
2611 1012 2821 1084 rarius
2882 1054 2971 1068 —-
3028 1011 3197 1083 duas
3239 1012 3445 1085 lineas
3487 1011 3899 1109 longitudine
3934 1026 4337 1111 aequantes,
4381 1039 4506 1111 pe·-

1234 1123 1510 1210 dicello,
1591 1139 1663 1197 ut
1732 1128 1793 1197 in
1871 1128 2110 1226 priori,
2194 1127 2519 1199 suffultae.
2629 1126 2794 1200 Asci
2853 1128 3261 1227 ellipsoidei,
3336 1131 3598 1216 0‚11¹¹-·¹.··
3648 1129 3691 1200 l.
3753 1130 4017 1214 0³52·
4073 1132 4290 1228 longi,
4348 1158 4500 1202 cum

1232 1242 1615 1318 antheridiis
1680 1246 1743 1316 in
1806 1243 2045 1316 iisdem
2122 1243 2521 1342 scapbidiisz
2596 1245 2960 1320 antheridia
3042 1246 3791 1345 elongato-ellipsoidea
3858 1248 3938 1319 ad
3995 1249 4096 1320 {ila
4160 1249 4501 1348 parapby-

1232 1361 1498 1446 soidea,
1580 1361 1835 1435 cellulis
1888 1362 2213 1435 diametro
2269 1362 2470 1461 3-plo
2534 1364 2952 1462 longioribus
3011 1377 3429 1448 constructa,
3485 1364 3793 1437 lateralia.

1536 1496 1668 1572 Est
1732 1503 2001 1598 species
2061 1502 2481 1574 antecedenti
2533 1515 2716 1576 certe
2771 1504 2966 1578 valde
3020 1505 3263 1590 affinis,
3318 1521 3391 1575 ut
3445 1518 3796 1603 utramque
3855 1505 4132 1577 formam
4188 1505 4494 1600 ejusdem

1234 1619 1488 1715 speciei
1561 1616 1671 1688 diu
1755 1617 2119 1691 habuerim.
2253 1616 2399 1693 Sed
2487 1648 2834 1720 perpenso
2890 1622 3181 1721 denique
3263 1624 3709 1695 vesiculamm
3767 1625 3932 1708 situ,
4006 1627 4116 1722 qui
4173 1627 4236 1696 in
4296 1625 4497 1696 altera

1234 1735 1399 1808 alius
1437 1748 1572 1818 est,
1622 1761 1751 1808 uec
1801 1735 1929 1807 ulla
1981 1763 2305 1836 unquam,
2362 1753 2724 1839 postquam
2774 1742 3120 1839 utriusque
3174 1739 3439 1838 plantae
3488 1740 3678 1841 plura
3735 1766 3933 1839 quam
3984 1741 4084 1814 50
4133 1744 4498 1840 specimina

1236 1853 1570 1952 completa
1659 1855 2120 1951 inspexeram,
2203 1857 2342 1926 visa
2420 1885 2648 1930 earum
2716 1859 2924 1931 forma
3017 1858 3442 1943 intermedia,
3520 1859 3800 1932 easdem
3875 1859 4194 1957 specifice
4275 1860 4498 1932 diver-

1232 1997 1344 2044 sas
1396 1997 1787 2069 proponere
1841 1999 2075 2070 cogor.
2179 1970 2463 2048 Paucis:
2519 1976 2718 2075 plane
2771 1976 2942 2049 nulla
3000 1976 3120 2048 alia
3173 1975 3325 2048 mihi
3379 1981 3519 2049 visa
3557 1989 3664 2050 est
3709 1976 4071 2049 differentia
4105 1979 4499 2061 essentialis,

1232 2115 1432 2188 quam
1513 2090 1696 2187 quod
1776 2093 1838 2162 in
1914 2088 2362 2166 Blossevillea
2440 2094 2912 2194 polycystidea
2994 2096 3239 2192 pinuae
3312 2096 3383 2188 (i.
3455 2121 3512 2167 e.
3582 2096 3826 2192 pinnae
3879 2094 4156 2167 secundi
4211 2095 4498 2186 ordinis)

1233 2209 1378 2280 basi
1451 2218 1605 2279 sunt
1682 2233 2034 2282 racemose
2109 2212 2606 2296 vesiculiferae,
2673 2214 2738 2286 in
2808 2210 3258 2285 Blossevillea
3318 2236 3613 2308 expansa
3672 2225 3891 2285 autem
3953 2213 4268 2310 pinnulae
4315 2215 4388 2306 (i.
4441 2239 4496 2283 e.

1231 2335 1471 2424 pinnae
1550 2329 1717 2398 tertii
1800 2327 2085 2424 ordinis)
2164 2330 2477 2402 vesiculis
2557 2332 2811 2428 sparsis
2889 2342 3043 2402 sunt
3097 2330 3378 2402 obsitae.
3451 2370 3533 2384 —
3599 2327 3730 2401 Alii
3791 2333 4200 2427 experientia
4265 2333 4498 2424 majori

1234 2444 1475 2518 suffulti
1521 2470 1663 2518 rem
1715 2445 2103 2541 dijudicent.

1640 2618 1709 2691 3.
1788 2617 2360 2693 Bzosssvruu
2414 2639 2957 2693 mvosuaomes
3008 2617 3293 2691 Aresch.

1539 2752 1765 2826 Caule
1813 2751 2030 2851 plano
2079 2751 2476 2826 incrassato
2533 2752 3195 2852 pinnato-ramoso,
3254 2748 3473 2825 ramis
3530 2748 3685 2824 basi
3738 2749 3953 2826 nudis
3983 2750 4171 2823 inter
4197 2750 4494 2825 aculeos

1230 2868 1537 2944 obtusos
1617 2868 1976 2944 flexuosis
2028 2894 2351 2969 superne
2419 2869 2757 2969 pinnatiS,
2812 2867 3048 2969 pinnis
3102 2869 3172 2942 in
3225 2867 3556 2942 inferiori
3610 2879 3813 2967 parte
3868 2892 4253 2941 racemose
4307 2868 4494 2940 vesi-

1228 2986 1547 3062 culiferis
1628 2986 2561 3088 myosuroideo-elongatis
2615 3010 2935 3085 superne
2985 2987 3452 3073 ramentosiS,
3511 2985 3851 3059 ramentis
3907 2984 4226 3084 undique
4287 3010 4494 3085 egre-

1230 3103 1593 3178 dientibus
1650 3104 1896 3179 densis
1949 3103 2622 3204 patenti-adpressis
2675 3103 3219 3203 simplicissimis
3271 3103 3342 3178 in
3395 3103 3851 3202 receptacula
3878 3100 4495 3202 lineari-oblonga

1229 3224 2017 3324 rugoso-verruculosa
2073 3223 2590 3309 transmutatis,
2646 3221 2985 3296 vesiculis
3026 3223 3448 3297 numerosis
3476 3218 4497 3322 subgloboso-pyriformibus

1231 3338 1534 3415 muticiS.

1532 3482 1655 3555 Ad
1710 3481 1943 3556 littora
1996 3480 2249 3556 Novae
2302 3480 2738 3555 Hollaudiae
2787 3479 3279 3555 meridionalis
3330 3480 3405 3553 iu
3454 3479 3614 3553 sinu
3669 3480 3845 3551 Port
3899 3475 4282 3552 Adelaide.

1536 3617 1769 3695 Callus
1846 3623 2152 3696 radicalis
2230 3626 2477 3696 nostris
2556 3622 3037 3720 speciminibus
3092 3620 3305 3694 deest.
3405 3618 3644 3691 Planta
3699 3616 4155 3715 pluripedalis.
4263 3614 4494 3687 Caulis

1228 3739 1578 3835 primarius
1630 3740 1948 3813 lateribus
2003 3741 2273 3838 quidem
2319 3742 2569 3839 planis,
2626 3739 2750 3813 sed
2799 3741 2887 3809 ita
2947 3765 3250 3823 crassus,
3285 3750 3355 3808 ut
3407 3735 3737 3809 interdum
3794 3734 4295 3833 quadrangulus
4349 3733 4488 3805 sere

1228 3857 1548 3926 nominari
1610 3860 1860 3953 possit,
1940 3861 2191 3931 aculeis
2243 3857 2374 3930 3-5
2433 3859 2637 3931 lineas
2692 3857 3089 3928 distantibus
3143 3856 3493 3927 obsessus.
3594 3851 3796 3926 Rami
3851 3854 3970 3947 (ita
4027 3854 4344 3922 nominati
4399 3852 4490 3922 ob

1228 3970 1637 4055 distantiam,
1670 3998 2072 4073 quamquam
2125 3978 2371 4075 pinnae
2424 4003 2498 4048 re
2551 3979 2696 4074 ipsa
2752 3985 2905 4048 sunt
2960 3973 3332 4063 distantes),
3384 3971 3634 4043 inferne
3692 3970 3850 4043 nudi
3906 3983 3972 4042 et
4019 3970 4340 4052 aculeati,
4385 3995 4492 4040 su-

1226 4115 1438 4186 perne
1498 4091 1782 4186 pinnati3
1852 4095 2095 4190 pinnae
2147 4095 2382 4167 lineam
2440 4094 2478 4165 l.
2525 4094 2998 4191 sesquilineam
3053 4093 3258 4162 immo
3313 4088 3481 4160 duas
3537 4089 3740 4162 lineas
3816 4087 4171 4171 distantes,
4242 4086 4495 4158 inferne

1227 4208 1541 4280 vesiculis
1593 4214 1962 4283 racemosis
2014 4211 2227 4285 dense
2288 4214 2603 4296 vestitae,
2653 4236 2947 4308 superne
2977 4210 3292 4280 ramentis
3330 4207 3691 4304 (pinnellis,
3729 4233 3879 4277 cum
3915 4205 4216 4303 undique
4249 4217 4494 4276 exeunt

1221 4329 1284 4397 in
1345 4325 1651 4413 racbide,
1702 4355 1836 4401 non
1894 4330 2348 4425 nominandis)
2406 4329 2822 4402 densissimis
2877 4329 3173 4411 obsitae,
3231 4326 3984 4421 elongato-attenuatae,
4035 4323 4161 4393 2-4
4209 4322 4494 4420 pollices

1223 4444 1485 4541 longae.
1591 4441 1922 4520 Ramenta
1979 4449 2467 4546 semipollicem
2525 4446 2723 4542 longa
2778 4457 2844 4517 et
2898 4443 3307 4516 semilineam
3347 4444 3456 4513 vix
3489 4467 3779 4553 unquam
3817 4443 4186 4521 crassiora,
4241 4439 4496 4535 simpli-

1221 4563 1521 4647 cissima,
1577 4589 1726 4634 raro
1784 4591 2000 4662 usque
2047 4568 2109 4637 in
2167 4568 2356 4639 basin
2411 4565 2696 4647 furcata,
2749 4564 2966 4633 omnia
3021 4564 3085 4633 in
3129 4559 3557 4656 receptacula
3590 4568 4038 4629 transmutata.
4123 4554 4488 4627 Vesieulae

1220 4677 1659 4777 pyriformes,
1712 4684 1921 4754 rarius
1976 4683 2475 4780 subglobosae,
2532 4683 2850 4764 muticae,
2897 4678 3308 4777 longitudine
3339 4676 3507 4747 duas
3549 4676 3751 4748 lineas
3783 4677 4047 4746 circiter
4086 4685 4491 4770 aequanteS,

1220 4795 1696 4892 pedicellatae,
1752 4798 2085 4896 pedicello
2142 4803 2177 4897 ξ
2230 4801 2268 4872 Ι.
2325 4803 2358 4897 ξ
2413 4797 2844 4896 longitudinis
2905 4796 3242 4869 vesiculae
3297 4805 3647 4891 aequante.
3701 4789 4169 4889 Receptacula
4198 4814 4484 4884 rugoso-

1221 4913 1690 4997 verruculosa,
1741 4919 2052 4988 continua
2102 4920 2198 5010 (in
2246 4918 2587 5014 prioribus
2615 4914 3040 5013 receptacula
3088 4912 3246 4998 filis,
3300 4915 3363 4983 in
3421 4912 3668 5008 quibus
3722 4908 3878 4980 nodi
3940 4922 4054 5000 (=
4107 4905 4485 5003 scapbidia)

1220 5029 1541 5103 distantes
1592 5034 2057 5118 observantur,
2110 5060 2242 5105 non
2296 5034 2634 5107 dissimilia
2692 5041 2910 5123 sunt),
2992 5031 3179 5128 plura
3268 5029 3615 5127 scaphidia
3692 5027 3999 5099 foventia.
4115 5023 4348 5095 Ascos
4426 5037 4489 5093 et

1219 5148 1580 5223 antberidia
1635 5152 1698 5221 in
1749 5153 1997 5223 nostris
2049 5153 2531 5249 speciminibus
2583 5176 2718 5223 non
2779 5151 3170 5221 invenimus.

1524 5287 1700 5363 Cum
1749 5293 2089 5387 prioribus
2125 5321 2257 5367 non
2306 5293 2778 5368 confundenda
2810 5293 3116 5391 species,
3162 5287 3657 5362 Blossevilleae
3683 5285 4124 5367 moniliferae,
4157 5279 4246 5353 Β.
4277 5293 4486 5354 retro-
