4984 6517
3316 577 3479 662 231

555 790 707 864 vida
754 792 863 866 vel
923 817 1175 866 corneo
1192 789 1382 865 -alba.
1483 786 1744 866 Discus
1794 791 2033 882 laevis,
2080 791 2255 866 udus
2308 794 2682 881 brunneus,
2735 796 2957 868 siccus
2984 791 3242 866 lividus.
3313 789 3584 891 Sporae

554 909 1002 998 laevissimae,
1045 936 1181 1009 quo
1234 936 1271 982 a
1326 911 1412 984 P.
1460 910 1750 985 Radula
1799 909 2031 987 Berkl.
2088 911 2527 1012 distinguitur.

342 1045 467 1121 16.
559 1045 894 1125 Mmo'ns
944 1072 1316 1136 PATELLA,
1371 1049 1749 1151 cupularis,
1803 1049 2092 1142 sessilis»,
2147 1049 2428 1152 postice
2482 1048 2773 1150 oblique
2824 1047 3100 1137 adnata,
3153 1073 3373 1148 supra
3421 1046 3577 1151 gla-

544 1165 862 1242 berrima
913 1168 1224 1255 cervina,
1278 1166 1628 1268 hymenio
1685 1192 2012 1244 concavo
2067 1166 2423 1244 brunneo.

661 1306 785 1385 Ad
824 1315 1122 1384 truncos
1165 1316 1529 1410 prostatos
1578 1308 1654 1385 in
1700 1307 2020 1386 Mexico.
2074 1309 2475 1386 Liebmann.

650 1444 916 1548 Cupula
974 1453 1311 1539 coriacea,
1362 1454 1425 1525 in
1480 1454 1715 1554 spiritu
1762 1455 1896 1527 vini
1944 1454 2209 1528 mollior
2256 1456 2429 1528 lenta
2484 1450 2945 1528 Auriculariae
2997 1452 3216 1535 instar,
3267 1447 3573 1532 uncialis,

543 1569 808 1664 postice
854 1571 1230 1643 excentrice
1275 1582 1345 1643 et
1391 1571 1666 1671 oblique
1719 1571 1964 1658 adfixa,
2015 1585 2087 1644 ut
2132 1575 2313 1647 varia
2364 1568 2629 1646 Sterea.
2734 1567 2996 1669 Pagina
3041 1569 3351 1668 superior
3405 1592 3571 1638 con-

536 1710 741 1770 vexa,
805 1685 1041 1773 laevis,
1107 1687 1372 1786 glabra,
1441 1691 1727 1764 cervina.
1854 1687 2111 1764 Discus
2177 1694 2639 1791 resupinatus,
2703 1701 2946 1763 terram
3008 1687 3147 1761 fere
3213 1697 3569 1785 spectans,

538 1801 781 1889 laevis‚'
851 1804 1325 1902 glaberrimus‚
1402 1809 1466 1880 in
1535 1807 1775 1883 adultis
1853 1808 2154 1883 facillime
2223 1837 2262 1882 a
2314 1808 2560 1907 cupula
2621 1807 2973 1881 secedens.
3087 1804 3257 1879 Asci
3331 1815 3565 1878 exacte

534 1920 850 2011 lineares,
901 1927 1267 2023 octospori.
1373 1923 1645 2024 Sporae
1699 1927 2065 2028 ellipticae,
2121 1928 2551 2029 utplurimum
2601 1927 3015 2000 biocellatae.
3118 1921 3302 1997 Mire
3353 1923 3567 2021 jungit

530 2034 777 2114 Sterea
820 2053 888 2114 et
927 2038 1231 2117 Pezizas.

321 2185 431 2262 17.
518 2188 1007 2267 Hwoxuou
1062 2215 1631 2269 mmmmm.
1734 2190 1853 2266 Fr.
1907 2190 2113 2266 Linn.
2169 2189 2259 2265 V.
2309 2215 2380 2292 p.

620 2331 748 2407 Ad
799 2328 1125 2405 Mil-ador
1171 2328 1382 2432 regni
1431 2328 1820 2405 Mexicani.
1928 2332 2325 2406 Liebmann.

615 2468 680 2543 E
734 2472 1059 2547 schedula
1105 2477 1467 2549 inventoris
1546 2480 1796 2551 cavitas
1867 2478 2123 2550 interna
2174 2479 2243 2549 in
2294 2488 2468 2550 statu
2518 2486 2764 2574 vegeto
2846 2475 3107 2574 liquore
3176 2493 3397 2569 aqueo
3447 2492 3556 2539 re-

511 2588 728 2688 pleta!
781 2588 1047 2665 Ostiola
1092 2592 1314 2668 latent.

303 2725 423 2800 18.
510 2727 1000 2807 Hnoxuon
1049 2732 1467 2836 (Xnoon.)
1519 2756 1946 2820 LEPToPus,
1999 2730 2795 2836 suberoso-lignosum,
2853 2729 3057 2805 clava
3099 2727 3362 2804 obtusa
3399 2726 3548 2802 lae-

509 2844 583 2920 vi
635 2857 817 2935 atra,
899 2851 1066 2924 velo
1144 2851 1488 2954 contiguo
1563 2851 1987 2927 tenuissimo
2040 2850 2296 2955 glabro
2344 2851 2590 2928 innato
2649 2847 3325 2952 aerugineo—griseo
3400 2846 3546 2948 pri-

511 2988 638 3039 mo
692 2963 1045 3054 obducta,
1092 2966 1283 3043 intus
1334 2969 1570 3044 solida
1617 2968 2226 3046 fibroso-radiosa
2305 2969 2503 3051 alba.
2574 2968 2809 3070 stipite
2891 2966 3207 3043 discreto
3286 2964 3539 3068 glabro

491 3082 758 3183 ‘gracili
825 3082 984 3159 basi
1049 3095 1362 3175 scutato,
1447 3086 1859 3189 peritheciis
1920 3088 2312 3178 immersiS,
2399 3087 2678 3164 ostiolis
2740 3085 3028 3162 minutis
3080 3082 3540 3185 papillaefor-

499 3196 762 3278 mibus.

601 3343 723 3418 Ex
773 3343 979 3419 India
1032 3345 1482 3424 occidentali.
1588 3347 1838 3424 Krebs.

595 3489 890 3568 Habitus
958 3493 1050 3565 H.
1099 3494 1580 3596 polymorphi,
1665 3494 1790 3570 sed
1864 3496 2320 3594 integumento
2400 3493 2759 3564 tenerrimo
2832 3494 3070 3593 glabro
3135 3496 3531 3594 aerugineo·

493 3613 755 3710 griseo,
808 3638 943 3711 quo
995 3615 1216 3711 junius
1268 3614 1660 3700 collinitum‚
1727 3626 1794 3688 et
1859 3616 2080 3714 stipite
2134 3611 2364 3713 gracili
2433 3637 2593 3683 mox
2640 3610 3051 3700 distinctum3
3125 3615 3328 3688 2—{3
3377 3641 3530 3688 unc.

494 3730 696 3803 altum
749 3731 998 3831 (stipes
1045 3735 1081 3830 ξ
1133 3759 1282 3806 unc.
1341 3745 1410 3807 et
1452 3734 1684 3834 ultra),
1741 3732 2209 3835 cylindricum,
2271 3756 2537 3804 sursum
2594 3731 3062 3820 incrassatum,
3132 3733 3258 3808 sed
3321 3736 3531 3807 variat

487 3851 828 3949 turgidum
906 3851 1486 3951 ovali-oblongum
1538 3865 1607 3926 et
1655 3852 1985 3925 interdum
2064 3848 2200 3921 duo
2286 3850 2477 3947 quasi
2550 3866 3025 3940 concrescunt,
3101 3863 3240 3924 tum
3315 3854 3527 3951 stipes

485 3963 680 4038 latior
728 3981 798 4041 et
849 3969 1036 4041 clava
1089 3994 1500 4068 compressa.
1604 3965 1875 4068 Sporae
1927 3971 2227 4069 generis,
2287 3969 2621 4043 curvulae.

253 4113 386 4185 19.
478 4111 965 4190 HYPoxuon
1021 4115 1542 4216 (Xnomlcr.)
1593 4135 2130 4190 mumolum.
2233 4112 2352 4187 Fr.
2406 4111 2706 4188 Elench.

588 4254 768 4328 Cum
822 4254 1310 4356 praecedente
1328 4314 1347 4343 ‚
1401 4280 1444 4330 a
1493 4263 1675 4357 typo
1728 4255 2122 4358 Europaeo
2179 4254 2305 4330 vix
2359 4254 2665 4331 diversa.

243 4398 378 4470 20.
477 4394 870 4476 PAcmmA
923 4400 1194 4475 Tumm
1242 4424 1563 4477 nomm.
1677 4401 1749 4476 S.
1806 4399 1903 4477 M.
1956 4402 2043 4477 11.
2092 4426 2162 4502 p.

574 4535 660 4610 In
709 4544 905 4613 terra
955 4537 1372 4613 Sumatrae!

574 4679 789 4758 Plane
854 4682 1192 4759 diversum
1259 4711 1298 4757 a
1358 4681 1665 4786 Mycelio
1733 4681 2003 4760 Lentini
2078 4685 2336 4762 Tuber.
2394 4689 2594 4787 regii,
2669 4711 2822 4759 cum
2892 4708 3028 4783 quo
3083 4682 3512 4753 commutavit

465 4798 895 4902 Rumphius,
942 4816 1017 4876 ut
1066 4830 1154 4877 ex
1207 4804 1420 4903 ipsius
1475 4804 1703 4877 verbis
1755 4802 1842 4878 de
1896 4832 2022 4878 usu
2066 4818 2282 4905 patet,
2331 4807 2666 4905 Mylittae
2715 4802 3019 4877 australi
3069 4796 3277 4873 Berk.
3330 4801 3506 4874 bene

459 4921 914 5020 respondens.
970 4964 1066 4978 —
1121 4919 1417 4995 Temere
1470 4947 1746 5022 quoque
1801 4919 1949 4996 Cel.
2015 4924 2321 4997 Tulasne
2370 4924 2629 4998 dubitat
2681 4922 2768 4996 de
2820 4920 3199 4995 autonomia
3244 4917 3505 4992 Rhizo-

457 5038 795 5141 morpbae
845 5040 1182 5138 fragilis.
1301 5037 1683 5114 Perithecia
1756 5040 1956 5140 hujus
2029 5046 2534 5132 couico-ovata,
2611 5041 2954 5143 papillata,
3026 5037 3503 5139 superficialia3

455 5158 606 5231 asci
653 5159 877 5259 sporis
930 5161 1191 5233 octonis
1243 5159 1533 5234 curvulis
1578 5157 2125 5262 Hypoxylorum.
