<?xml version="1.0" encoding="UTF-8"?>
<!DOCTYPE html PUBLIC "-//W3C//DTD XHTML 1.0 Transitional//EN"
    "http://www.w3.org/TR/xhtml1/DTD/xhtml1-transitional.dtd">
<html xmlns="http://www.w3.org/1999/xhtml" xml:lang="en" lang="en">
 <head>
  <title>
</title>
<meta http-equiv="Content-Type" content="text/html;charset=utf-8" />
  <meta name='ocr-system' content='tesseract 3.04.00' />
  <meta name='ocr-capabilities' content='ocr_page ocr_carea ocr_par ocr_line ocrx_word'/>
</head>
<body>
  <div class='ocr_page' id='page_1' title='image "./novaactaregiaes00uppsgoog_0310.png"; bbox 0 0 4984 6517; ppageno 0'>
   <div class='ocr_carea' id='block_1_1' title="bbox 1401 588 1574 674">
    <p class='ocr_par' dir='ltr' id='par_1_1' title="bbox 1401 588 1574 674">
     <span class='ocr_line' id='line_1_1' title="bbox 1401 588 1574 674; baseline 0 0"><span class='ocrx_word' id='word_1_1' title='bbox 1401 588 1574 674; x_wconf 74' lang='lat'><strong>286</strong></span> 
     </span>
    </p>
   </div>
   <div class='ocr_carea' id='block_1_2' title="bbox 1729 797 4103 898">
    <p class='ocr_par' dir='ltr' id='par_1_2' title="bbox 1729 797 4103 898">
     <span class='ocr_line' id='line_1_2' title="bbox 1729 797 4103 898; baseline 0 -26"><span class='ocrx_word' id='word_1_2' title='bbox 1729 799 2038 874; x_wconf 74' lang='lat' dir='ltr'><strong>CLAssls</strong></span> <span class='ocrx_word' id='word_1_3' title='bbox 2088 798 2211 872; x_wconf 87' lang='lat' dir='ltr'><strong>IV.</strong></span> <span class='ocrx_word' id='word_1_4' title='bbox 2316 799 2525 873; x_wconf 64' lang='lat' dir='ltr'><strong>Sata</strong></span> <span class='ocrx_word' id='word_1_5' title='bbox 2581 827 2921 898; x_wconf 65' lang='lat' dir='ltr'><strong>quarum</strong></span> <span class='ocrx_word' id='word_1_6' title='bbox 2977 816 3049 874; x_wconf 78' lang='lat' dir='ltr'><strong>et</strong></span> <span class='ocrx_word' id='word_1_7' title='bbox 3089 797 3698 897; x_wconf 73' lang='lat' dir='ltr'><strong>hydrobtfelzitica</strong></span> <span class='ocrx_word' id='word_1_8' title='bbox 3744 799 4103 874; x_wconf 70' lang='lat' dir='ltr'><strong>schistam.</strong></span> 
     </span>
    </p>
   </div>
   <div class='ocr_carea' id='block_1_3' title="bbox 1291 929 4552 1156">
    <p class='ocr_par' dir='ltr' id='par_1_3' title="bbox 1291 929 4552 1156">
     <span class='ocr_line' id='line_1_3' title="bbox 1488 929 4552 1033; baseline 0 -25"><span class='ocrx_word' id='word_1_9' title='bbox 1488 932 1681 1008; x_wconf 88' lang='lat' dir='ltr'><strong>Mica</strong></span> <span class='ocrx_word' id='word_1_10' title='bbox 1733 932 2150 1033; x_wconf 83' lang='lat' dir='ltr'><strong>magnesica</strong></span> <span class='ocrx_word' id='word_1_11' title='bbox 2203 931 2244 1006; x_wconf 91' lang='lat' dir='ltr'><strong>l.</strong></span> <span class='ocrx_word' id='word_1_12' title='bbox 2292 930 2965 1032; x_wconf 81' lang='lat' dir='ltr'><strong>Hydrobiselzites,</strong></span> <span class='ocrx_word' id='word_1_13' title='bbox 3017 930 3383 1005; x_wconf 87' lang='lat' dir='ltr'><strong>interdum</strong></span> <span class='ocrx_word' id='word_1_14' title='bbox 3439 940 3747 1032; x_wconf 85' lang='lat' dir='ltr'><strong>utraque</strong></span> <span class='ocrx_word' id='word_1_15' title='bbox 3799 933 4120 1032; x_wconf 84' lang='lat' dir='ltr'><strong>species,</strong></span> <span class='ocrx_word' id='word_1_16' title='bbox 4174 929 4552 1021; x_wconf 83' lang='lat' dir='ltr'><strong>schistosa‚</strong></span> 
     </span>
     <span class='ocr_line' id='line_1_4' title="bbox 1291 1049 3019 1156; baseline -0.001 -32"><span class='ocrx_word' id='word_1_17' title='bbox 1291 1060 1415 1126; x_wconf 83' lang='lat' dir='ltr'><strong>aut</strong></span> <span class='ocrx_word' id='word_1_18' title='bbox 1462 1049 1803 1156; x_wconf 42' lang='lat' dir='ltr'><strong>solitaria.</strong></span> <span class='ocrx_word' id='word_1_19' title='bbox 1852 1058 1977 1123; x_wconf 88' lang='lat' dir='ltr'><strong>aut</strong></span> <span class='ocrx_word' id='word_1_20' title='bbox 2028 1072 2196 1122; x_wconf 90' lang='lat' dir='ltr'><strong>cum</strong></span> <span class='ocrx_word' id='word_1_21' title='bbox 2245 1050 2547 1141; x_wconf 83' lang='lat' dir='ltr'><strong>Quarzo</strong></span> <span class='ocrx_word' id='word_1_22' title='bbox 2601 1049 3019 1125; x_wconf 86' lang='lat' dir='ltr'><strong>commixta.</strong></span> 
     </span>
    </p>
   </div>
   <div class='ocr_carea' id='block_1_4' title="bbox 1296 1179 4548 1399">
    <p class='ocr_par' dir='ltr' id='par_1_4' title="bbox 1296 1179 4548 1399">
     <span class='ocr_line' id='line_1_5' title="bbox 1596 1179 4548 1283; baseline 0 -26"><span class='ocrx_word' id='word_1_23' title='bbox 1596 1185 1785 1257; x_wconf 90' lang='lat' dir='ltr'><strong>Gen.</strong></span> <span class='ocrx_word' id='word_1_24' title='bbox 1851 1183 1965 1256; x_wconf 87' lang='lat'><strong>13.</strong></span> <span class='ocrx_word' id='word_1_25' title='bbox 2020 1181 2338 1256; x_wconf 74' lang='lat' dir='ltr'><strong>Schistus</strong></span> <span class='ocrx_word' id='word_1_26' title='bbox 2389 1193 2751 1256; x_wconf 61' lang='lat' dir='ltr'><strong>micae-eus.</strong></span> <span class='ocrx_word' id='word_1_27' title='bbox 2862 1185 3236 1274; x_wconf 83' lang='lat' dir='ltr'><strong>Quarzum</strong></span> <span class='ocrx_word' id='word_1_28' title='bbox 3296 1179 3732 1256; x_wconf 86' lang='lat' dir='ltr'><strong>schistosum</strong></span> <span class='ocrx_word' id='word_1_29' title='bbox 3763 1180 4026 1256; x_wconf 81' lang='lat' dir='ltr'><strong>Micam</strong></span> <span class='ocrx_word' id='word_1_30' title='bbox 4059 1183 4548 1283; x_wconf 79' lang='lat' dir='ltr'><strong>magnesicam</strong></span> 
     </span>
     <span class='ocr_line' id='line_1_6' title="bbox 1296 1296 3040 1399; baseline -0.001 -25"><span class='ocrx_word' id='word_1_31' title='bbox 1296 1308 1419 1376; x_wconf 89' lang='lat' dir='ltr'><strong>aut</strong></span> <span class='ocrx_word' id='word_1_32' title='bbox 1475 1300 1549 1375; x_wconf 90' lang='lat' dir='ltr'><strong>in</strong></span> <span class='ocrx_word' id='word_1_33' title='bbox 1602 1299 1803 1399; x_wconf 87' lang='lat' dir='ltr'><strong>poris</strong></span> <span class='ocrx_word' id='word_1_34' title='bbox 1856 1306 1983 1373; x_wconf 87' lang='lat' dir='ltr'><strong>aut</strong></span> <span class='ocrx_word' id='word_1_35' title='bbox 2027 1298 2213 1373; x_wconf 86' lang='lat' dir='ltr'><strong>intra</strong></span> <span class='ocrx_word' id='word_1_36' title='bbox 2267 1296 2588 1373; x_wconf 78' lang='lat' dir='ltr'><strong>lamellas</strong></span> <span class='ocrx_word' id='word_1_37' title='bbox 2634 1298 3040 1373; x_wconf 78' lang='lat' dir='ltr'><strong>includens.</strong></span> 
     </span>
    </p>
   </div>
   <div class='ocr_carea' id='block_1_5' title="bbox 1298 1428 4549 1634">
    <p class='ocr_par' dir='ltr' id='par_1_5' title="bbox 1298 1428 4549 1634">
     <span class='ocr_line' id='line_1_7' title="bbox 1597 1428 4549 1534; baseline 0 -28"><span class='ocrx_word' id='word_1_38' title='bbox 1597 1435 1784 1506; x_wconf 85' lang='lat' dir='ltr'><strong>Gen.</strong></span> <span class='ocrx_word' id='word_1_39' title='bbox 1838 1435 1950 1506; x_wconf 82' lang='grc'><strong>14.</strong></span> <span class='ocrx_word' id='word_1_40' title='bbox 2024 1434 2382 1519; x_wconf 75' lang='lat' dir='ltr'><strong>Quarzum</strong></span> <span class='ocrx_word' id='word_1_41' title='bbox 2442 1432 2975 1534; x_wconf 76' lang='lat' dir='ltr'><strong>pilbolithicum.</strong></span> <span class='ocrx_word' id='word_1_42' title='bbox 3081 1431 3275 1506; x_wconf 80' lang='lat' dir='ltr'><strong>Mica</strong></span> <span class='ocrx_word' id='word_1_43' title='bbox 3348 1438 3422 1505; x_wconf 83' lang='lat' dir='ltr'><strong>et</strong></span> <span class='ocrx_word' id='word_1_44' title='bbox 3493 1428 3923 1505; x_wconf 81' lang='lat' dir='ltr'><strong>Pilbolithus</strong></span> <span class='ocrx_word' id='word_1_45' title='bbox 3989 1455 4154 1505; x_wconf 84' lang='lat' dir='ltr'><strong>cum</strong></span> <span class='ocrx_word' id='word_1_46' title='bbox 4231 1435 4549 1525; x_wconf 60' lang='lat' dir='ltr'><strong>Quarto,</strong></span> 
     </span>
     <span class='ocr_line' id='line_1_8' title="bbox 1298 1546 2518 1634; baseline 0.001 -12"><span class='ocrx_word' id='word_1_47' title='bbox 1298 1550 1629 1624; x_wconf 85' lang='lat' dir='ltr'><strong>Textura</strong></span> <span class='ocrx_word' id='word_1_48' title='bbox 1680 1547 2086 1634; x_wconf 85' lang='lat' dir='ltr'><strong>lamellosa,</strong></span> <span class='ocrx_word' id='word_1_49' title='bbox 2139 1546 2518 1623; x_wconf 87' lang='lat' dir='ltr'><strong>schistosa.</strong></span> 
     </span>
    </p>
   </div>
   <div class='ocr_carea' id='block_1_6' title="bbox 1302 1678 4553 1889">
    <p class='ocr_par' dir='ltr' id='par_1_6' title="bbox 1302 1678 4553 1889">
     <span class='ocr_line' id='line_1_9' title="bbox 1600 1678 4553 1782; baseline -0.001 -24"><span class='ocrx_word' id='word_1_50' title='bbox 1600 1685 1789 1758; x_wconf 86' lang='lat' dir='ltr'><strong>Gen.</strong></span> <span class='ocrx_word' id='word_1_51' title='bbox 1859 1679 1972 1754; x_wconf 82' lang='lat'><strong>15.</strong></span> <span class='ocrx_word' id='word_1_52' title='bbox 2035 1682 2624 1780; x_wconf 68' lang='lat' dir='ltr'><strong>Hydrobffelzites</strong></span> <span class='ocrx_word' id='word_1_53' title='bbox 2673 1682 3063 1756; x_wconf 67' lang='lat' dir='ltr'><strong>schistos-us.</strong></span> <span class='ocrx_word' id='word_1_54' title='bbox 3165 1678 3405 1755; x_wconf 84' lang='lat' dir='ltr'><strong>Massa</strong></span> <span class='ocrx_word' id='word_1_55' title='bbox 3458 1679 4014 1756; x_wconf 84' lang='lat' dir='ltr'><strong>fundamentalis</strong></span> <span class='ocrx_word' id='word_1_56' title='bbox 4067 1681 4553 1782; x_wconf 77' lang='lat' dir='ltr'><strong>Hydrobil&#39;el-</strong></span> 
     </span>
     <span class='ocr_line' id='line_1_10' title="bbox 1302 1796 2938 1889; baseline -0.001 -14"><span class='ocrx_word' id='word_1_57' title='bbox 1302 1800 1479 1876; x_wconf 87' lang='lat' dir='ltr'><strong>zites</strong></span> <span class='ocrx_word' id='word_1_58' title='bbox 1526 1797 1926 1873; x_wconf 87' lang='lat' dir='ltr'><strong>schistosus</strong></span> <span class='ocrx_word' id='word_1_59' title='bbox 1965 1796 2329 1872; x_wconf 86' lang='lat' dir='ltr'><strong>interdum</strong></span> <span class='ocrx_word' id='word_1_60' title='bbox 2389 1823 2558 1872; x_wconf 90' lang='lat' dir='ltr'><strong>cum</strong></span> <span class='ocrx_word' id='word_1_61' title='bbox 2615 1800 2938 1889; x_wconf 83' lang='lat' dir='ltr'><strong>Quarzo.</strong></span> 
     </span>
    </p>
   </div>
   <div class='ocr_carea' id='block_1_7' title="bbox 1502 1999 3533 2235">
    <p class='ocr_par' dir='ltr' id='par_1_7' title="bbox 1502 1999 3533 2235">
     <span class='ocr_line' id='line_1_11' title="bbox 2296 1999 3533 2095; baseline 0.001 -22"><span class='ocrx_word' id='word_1_62' title='bbox 2296 2001 2606 2076; x_wconf 59' lang='lat' dir='ltr'><strong>Ctassls</strong></span> <span class='ocrx_word' id='word_1_63' title='bbox 2657 1999 2749 2074; x_wconf 89' lang='lat' dir='ltr'><strong>V.</strong></span> <span class='ocrx_word' id='word_1_64' title='bbox 2856 2001 3064 2074; x_wconf 65' lang='lat' dir='ltr'><strong>Saxa</strong></span> <span class='ocrx_word' id='word_1_65' title='bbox 3117 2011 3533 2095; x_wconf 70' lang='lat' dir='ltr'><strong>magne-sica.</strong></span> 
     </span>
     <span class='ocr_line' id='line_1_12' title="bbox 1502 2130 3119 2235; baseline -0.002 -26"><span class='ocrx_word' id='word_1_66' title='bbox 1502 2134 1747 2209; x_wconf 85' lang='lat' dir='ltr'><strong>Massa</strong></span> <span class='ocrx_word' id='word_1_67' title='bbox 1798 2130 2228 2231; x_wconf 84' lang='lat' dir='ltr'><strong>praevalens</strong></span> <span class='ocrx_word' id='word_1_68' title='bbox 2266 2132 2545 2207; x_wconf 88' lang='lat' dir='ltr'><strong>Silicias</strong></span> <span class='ocrx_word' id='word_1_69' title='bbox 2597 2133 3119 2235; x_wconf 85' lang='lat' dir='ltr'><strong>magnesicum.</strong></span> 
     </span>
    </p>
   </div>
   <div class='ocr_carea' id='block_1_8' title="bbox 1305 2262 4550 2615">
    <p class='ocr_par' dir='ltr' id='par_1_8' title="bbox 1305 2262 4550 2615">
     <span class='ocr_line' id='line_1_13' title="bbox 1602 2262 4550 2356; baseline -0.001 -16"><span class='ocrx_word' id='word_1_70' title='bbox 1602 2268 1790 2341; x_wconf 88' lang='lat' dir='ltr'><strong>Gen.</strong></span> <span class='ocrx_word' id='word_1_71' title='bbox 1854 2268 1967 2339; x_wconf 87' lang='grc'><strong>16.</strong></span> <span class='ocrx_word' id='word_1_72' title='bbox 2016 2265 2339 2341; x_wconf 74' lang='lat' dir='ltr'><strong>Schistus</strong></span> <span class='ocrx_word' id='word_1_73' title='bbox 2402 2267 2819 2342; x_wconf 74' lang='lat' dir='ltr'><strong>chloriticus.</strong></span> <span class='ocrx_word' id='word_1_74' title='bbox 2927 2263 3287 2340; x_wconf 86' lang='lat' dir='ltr'><strong>Chlorites</strong></span> <span class='ocrx_word' id='word_1_75' title='bbox 3365 2262 3766 2340; x_wconf 89' lang='lat' dir='ltr'><strong>schistosus</strong></span> <span class='ocrx_word' id='word_1_76' title='bbox 3851 2289 4018 2338; x_wconf 91' lang='lat' dir='ltr'><strong>cum</strong></span> <span class='ocrx_word' id='word_1_77' title='bbox 4079 2268 4382 2356; x_wconf 86' lang='lat' dir='ltr'><strong>Quarzo</strong></span> <span class='ocrx_word' id='word_1_78' title='bbox 4435 2266 4550 2338; x_wconf 85' lang='lat' dir='ltr'><strong>vel</strong></span> 
     </span>
     <span class='ocr_line' id='line_1_14' title="bbox 1305 2383 1807 2459; baseline -0.008 0"><span class='ocrx_word' id='word_1_79' title='bbox 1305 2383 1497 2459; x_wconf 83' lang='lat' dir='ltr'>Mica</span> <span class='ocrx_word' id='word_1_80' title='bbox 1552 2383 1807 2456; x_wconf 79' lang='lat' dir='ltr'><strong>ferrea.</strong></span> 
     </span>
     <span class='ocr_line' id='line_1_15' title="bbox 1608 2512 4457 2615; baseline -0.002 -25"><span class='ocrx_word' id='word_1_81' title='bbox 1608 2518 1797 2590; x_wconf 89' lang='lat' dir='ltr'><strong>Gen.</strong></span> <span class='ocrx_word' id='word_1_82' title='bbox 1862 2515 1971 2590; x_wconf 91' lang='lat'><strong>17.</strong></span> <span class='ocrx_word' id='word_1_83' title='bbox 2029 2516 2506 2615; x_wconf 72' lang='lat' dir='ltr'><strong>Serpentium.</strong></span> <span class='ocrx_word' id='word_1_84' title='bbox 2563 2513 3040 2614; x_wconf 85' lang='lat' dir='ltr'><strong>Serpentinus</strong></span> <span class='ocrx_word' id='word_1_85' title='bbox 3094 2512 3519 2601; x_wconf 76' lang='lat' dir='ltr'><strong>communi3‚</strong></span> <span class='ocrx_word' id='word_1_86' title='bbox 3566 2512 3799 2614; x_wconf 83' lang='lat' dir='ltr'><strong>magis</strong></span> <span class='ocrx_word' id='word_1_87' title='bbox 3838 2512 4172 2588; x_wconf 90' lang='lat' dir='ltr'><strong>minusve</strong></span> <span class='ocrx_word' id='word_1_88' title='bbox 4209 2538 4457 2613; x_wconf 80' lang='lat' dir='ltr'><strong>purus,</strong></span> 
     </span>
    </p>
   </div>
   <div class='ocr_carea' id='block_1_9' title="bbox 1306 2646 4548 2866">
    <p class='ocr_par' dir='ltr' id='par_1_9' title="bbox 1306 2646 4548 2866">
     <span class='ocr_line' id='line_1_16' title="bbox 1607 2646 4548 2750; baseline -0.001 -27"><span class='ocrx_word' id='word_1_89' title='bbox 1607 2650 1796 2723; x_wconf 90' lang='lat' dir='ltr'><strong>Gen.</strong></span> <span class='ocrx_word' id='word_1_90' title='bbox 1854 2649 1967 2721; x_wconf 84' lang='lat'><strong>18.</strong></span> <span class='ocrx_word' id='word_1_91' title='bbox 2025 2650 2346 2723; x_wconf 74' lang='lat' dir='ltr'><strong>Schistus</strong></span> <span class='ocrx_word' id='word_1_92' title='bbox 2421 2659 2878 2746; x_wconf 75' lang='lat' dir='ltr'><strong>magnesicus.</strong></span> <span class='ocrx_word' id='word_1_93' title='bbox 3015 2646 3295 2723; x_wconf 85' lang='lat' dir='ltr'><strong>Silicias</strong></span> <span class='ocrx_word' id='word_1_94' title='bbox 3372 2647 3906 2750; x_wconf 85' lang='lat' dir='ltr'><strong>magnesicum‚</strong></span> <span class='ocrx_word' id='word_1_95' title='bbox 4005 2672 4173 2722; x_wconf 85' lang='lat' dir='ltr'><strong>raro</strong></span> <span class='ocrx_word' id='word_1_96' title='bbox 4257 2673 4548 2746; x_wconf 83' lang='lat' dir='ltr'><strong>purum,</strong></span> 
     </span>
     <span class='ocr_line' id='line_1_17' title="bbox 1306 2763 2329 2866; baseline 0.001 -27"><span class='ocrx_word' id='word_1_97' title='bbox 1306 2764 1508 2866; x_wconf 88' lang='lat' dir='ltr'><strong>quod</strong></span> <span class='ocrx_word' id='word_1_98' title='bbox 1560 2763 1793 2839; x_wconf 87' lang='lat' dir='ltr'><strong>cultro</strong></span> <span class='ocrx_word' id='word_1_99' title='bbox 1846 2763 2021 2866; x_wconf 84' lang='lat' dir='ltr'><strong>fingi</strong></span> <span class='ocrx_word' id='word_1_100' title='bbox 2069 2773 2329 2864; x_wconf 86' lang='lat' dir='ltr'><strong>potest.</strong></span> 
     </span>
    </p>
   </div>
   <div class='ocr_carea' id='block_1_10' title="bbox 2308 2964 3523 3068">
    <p class='ocr_par' dir='ltr' id='par_1_10' title="bbox 2308 2964 3523 3068">
     <span class='ocr_line' id='line_1_18' title="bbox 2308 2964 3523 3068; baseline -0.001 -28"><span class='ocrx_word' id='word_1_101' title='bbox 2308 2967 2364 3040; x_wconf 82' lang='lat' dir='ltr'><strong><em>C</em></strong></span> <span class='ocrx_word' id='word_1_102' title='bbox 2367 2988 2616 3042; x_wconf 72' lang='lat' dir='ltr'>LASSIS</span> <span class='ocrx_word' id='word_1_103' title='bbox 2665 2964 2792 3042; x_wconf 88' lang='lat' dir='ltr'><strong>VI.</strong></span> <span class='ocrx_word' id='word_1_104' title='bbox 2899 2967 3108 3041; x_wconf 68' lang='lat' dir='ltr'><strong>Saxa</strong></span> <span class='ocrx_word' id='word_1_105' title='bbox 3157 2994 3523 3068; x_wconf 74' lang='lat' dir='ltr'><strong>quarzosa.</strong></span> 
     </span>
    </p>
   </div>
   <div class='ocr_carea' id='block_1_11' title="bbox 1299 3099 4549 3696">
    <p class='ocr_par' dir='ltr' id='par_1_11' title="bbox 1299 3099 4549 3696">
     <span class='ocr_line' id='line_1_19' title="bbox 1505 3099 2684 3200; baseline -0.003 -24"><span class='ocrx_word' id='word_1_106' title='bbox 1505 3100 1747 3176; x_wconf 84' lang='lat' dir='ltr'><strong>Massa</strong></span> <span class='ocrx_word' id='word_1_107' title='bbox 1799 3099 2229 3200; x_wconf 87' lang='lat' dir='ltr'><strong>praevalens</strong></span> <span class='ocrx_word' id='word_1_108' title='bbox 2288 3102 2684 3191; x_wconf 83' lang='lat' dir='ltr'><strong>Quarzum.</strong></span> 
     </span>
     <span class='ocr_line' id='line_1_20' title="bbox 1514 3230 3562 3334; baseline 0 -26"><span class='ocrx_word' id='word_1_109' title='bbox 1514 3232 2420 3334; x_wconf 75' lang='lat' dir='ltr'><strong>Quarzum·pilbolithicum</strong></span> <span class='ocrx_word' id='word_1_110' title='bbox 2468 3232 2639 3307; x_wconf 85' lang='lat' dir='ltr'><strong>vide</strong></span> <span class='ocrx_word' id='word_1_111' title='bbox 2691 3257 2874 3307; x_wconf 83' lang='lat' dir='ltr'><strong>saxa</strong></span> <span class='ocrx_word' id='word_1_112' title='bbox 2923 3230 3183 3309; x_wconf 81' lang='lat' dir='ltr'><strong>Schisti</strong></span> <span class='ocrx_word' id='word_1_113' title='bbox 3237 3232 3562 3309; x_wconf 83' lang='lat' dir='ltr'><strong>micacei.</strong></span> 
     </span>
     <span class='ocr_line' id='line_1_21' title="bbox 1515 3364 3511 3454; baseline 0.001 -13"><span class='ocrx_word' id='word_1_114' title='bbox 1515 3369 1878 3454; x_wconf 75' lang='lat' dir='ltr'><strong>Quarzum</strong></span> <span class='ocrx_word' id='word_1_115' title='bbox 1923 3370 2353 3442; x_wconf 79' lang='lat' dir='ltr'><strong>chloriticum</strong></span> <span class='ocrx_word' id='word_1_116' title='bbox 2401 3365 2570 3440; x_wconf 85' lang='lat' dir='ltr'><strong>vide</strong></span> <span class='ocrx_word' id='word_1_117' title='bbox 2625 3364 2986 3441; x_wconf 82' lang='lat' dir='ltr'><strong>Schistum</strong></span> <span class='ocrx_word' id='word_1_118' title='bbox 3037 3365 3511 3443; x_wconf 80' lang='lat' dir='ltr'><strong>chloriticum.</strong></span> 
     </span>
     <span class='ocr_line' id='line_1_22' title="bbox 1599 3498 4549 3592; baseline 0 -16"><span class='ocrx_word' id='word_1_119' title='bbox 1599 3503 1790 3577; x_wconf 86' lang='lat' dir='ltr'><strong>Gen.</strong></span> <span class='ocrx_word' id='word_1_120' title='bbox 1837 3503 1951 3575; x_wconf 90' lang='grc'><strong>19.</strong></span> <span class='ocrx_word' id='word_1_121' title='bbox 2010 3502 2364 3587; x_wconf 72' lang='lat' dir='ltr'><strong>Quat-zum</strong></span> <span class='ocrx_word' id='word_1_122' title='bbox 2402 3501 2945 3576; x_wconf 81' lang='lat' dir='ltr'><strong>turmalinicum.</strong></span> <span class='ocrx_word' id='word_1_123' title='bbox 3001 3503 3376 3592; x_wconf 82' lang='lat' dir='ltr'><strong>Quarzum</strong></span> <span class='ocrx_word' id='word_1_124' title='bbox 3413 3498 3998 3586; x_wconf 80' lang='lat' dir='ltr'><strong>festucaeforme‚</strong></span> <span class='ocrx_word' id='word_1_125' title='bbox 4057 3499 4214 3575; x_wconf 84' lang='lat' dir='ltr'><strong>sere</strong></span> <span class='ocrx_word' id='word_1_126' title='bbox 4253 3502 4549 3577; x_wconf 88' lang='lat' dir='ltr'><strong>schisto·</strong></span> 
     </span>
     <span class='ocr_line' id='line_1_23' title="bbox 1299 3615 2185 3696; baseline -0.007 0"><span class='ocrx_word' id='word_1_127' title='bbox 1299 3645 1464 3696; x_wconf 83' lang='lat' dir='ltr'><strong>sum</strong></span> <span class='ocrx_word' id='word_1_128' title='bbox 1515 3642 1681 3692; x_wconf 88' lang='lat' dir='ltr'><strong>cum</strong></span> <span class='ocrx_word' id='word_1_129' title='bbox 1736 3615 2185 3692; x_wconf 84' lang='lat' dir='ltr'><strong>Turmalino.</strong></span> 
     </span>
    </p>
   </div>
   <div class='ocr_carea' id='block_1_12' title="bbox 1297 3747 4548 4095">
    <p class='ocr_par' dir='ltr' id='par_1_12' title="bbox 1297 3747 4548 4095">
     <span class='ocr_line' id='line_1_24' title="bbox 1592 3747 4545 3827; baseline 0 -2"><span class='ocrx_word' id='word_1_130' title='bbox 1592 3752 1780 3825; x_wconf 86' lang='lat' dir='ltr'><strong>Gen.</strong></span> <span class='ocrx_word' id='word_1_131' title='bbox 1835 3752 1956 3824; x_wconf 84' lang='grc'><strong>20.</strong></span> <span class='ocrx_word' id='word_1_132' title='bbox 2014 3752 2293 3825; x_wconf 68' lang='lat' dir='ltr'><strong>Saxum</strong></span> <span class='ocrx_word' id='word_1_133' title='bbox 2369 3753 2695 3825; x_wconf 75' lang='lat' dir='ltr'><strong>siliceum.</strong></span> <span class='ocrx_word' id='word_1_134' title='bbox 2801 3747 3044 3824; x_wconf 84' lang='lat' dir='ltr'><strong>Massa</strong></span> <span class='ocrx_word' id='word_1_135' title='bbox 3125 3747 3676 3826; x_wconf 83' lang='lat' dir='ltr'><strong>fundamentalis</strong></span> <span class='ocrx_word' id='word_1_136' title='bbox 3744 3752 3977 3827; x_wconf 88' lang='lat' dir='ltr'><strong>solida</strong></span> <span class='ocrx_word' id='word_1_137' title='bbox 4034 3777 4078 3826; x_wconf 93' lang='lat' dir='ltr'><strong>e</strong></span> <span class='ocrx_word' id='word_1_138' title='bbox 4131 3752 4545 3827; x_wconf 81' lang='lat' dir='ltr'><strong>sedimentis</strong></span> 
     </span>
     <span class='ocr_line' id='line_1_25' title="bbox 1297 3866 2050 3966; baseline -0.004 -23"><span class='ocrx_word' id='word_1_139' title='bbox 1297 3869 1544 3944; x_wconf 82' lang='lat' dir='ltr'><strong>silicae</strong></span> <span class='ocrx_word' id='word_1_140' title='bbox 1586 3866 1757 3942; x_wconf 85' lang='lat' dir='ltr'><strong>satis</strong></span> <span class='ocrx_word' id='word_1_141' title='bbox 1800 3890 2050 3966; x_wconf 88' lang='lat' dir='ltr'><strong>purae.</strong></span> 
     </span>
     <span class='ocr_line' id='line_1_26' title="bbox 1600 3995 4548 4095; baseline 0.001 -22"><span class='ocrx_word' id='word_1_142' title='bbox 1600 4000 1790 4073; x_wconf 85' lang='lat' dir='ltr'><strong>Gen.</strong></span> <span class='ocrx_word' id='word_1_143' title='bbox 1844 3999 1964 4071; x_wconf 90' lang='grc'><strong>21.</strong></span> <span class='ocrx_word' id='word_1_144' title='bbox 2031 3998 2388 4083; x_wconf 69' lang='lat' dir='ltr'><strong>Quat-zum</strong></span> <span class='ocrx_word' id='word_1_145' title='bbox 2431 4027 2841 4095; x_wconf 74' lang='lat' dir='ltr'><strong>granosum.</strong></span> <span class='ocrx_word' id='word_1_146' title='bbox 2921 3995 3161 4073; x_wconf 85' lang='lat' dir='ltr'><strong>Massa</strong></span> <span class='ocrx_word' id='word_1_147' title='bbox 3221 3997 3769 4073; x_wconf 76' lang='lat' dir='ltr'><strong>fundamentalis</strong></span> <span class='ocrx_word' id='word_1_148' title='bbox 3806 4000 4179 4091; x_wconf 83' lang='lat' dir='ltr'><strong>Quarzum</strong></span> <span class='ocrx_word' id='word_1_149' title='bbox 4215 4000 4548 4086; x_wconf 83' lang='lat' dir='ltr'><strong>solidum,</strong></span> 
     </span>
    </p>
   </div>
   <div class='ocr_carea' id='block_1_13' title="bbox 1297 4113 4546 4334">
    <p class='ocr_par' dir='ltr' id='par_1_13' title="bbox 1297 4113 4546 4334">
     <span class='ocr_line' id='line_1_27' title="bbox 1298 4113 4546 4218; baseline 0 -28"><span class='ocrx_word' id='word_1_150' title='bbox 1298 4116 1455 4190; x_wconf 86' lang='lat' dir='ltr'><strong>fere</strong></span> <span class='ocrx_word' id='word_1_151' title='bbox 1533 4113 2127 4200; x_wconf 84' lang='lat' dir='ltr'><strong>festucacforme,</strong></span> <span class='ocrx_word' id='word_1_152' title='bbox 2211 4115 2594 4191; x_wconf 90' lang='lat' dir='ltr'><strong>includens</strong></span> <span class='ocrx_word' id='word_1_153' title='bbox 2672 4140 2898 4218; x_wconf 82' lang='lat' dir='ltr'><strong>grana</strong></span> <span class='ocrx_word' id='word_1_154' title='bbox 2972 4124 3046 4191; x_wconf 92' lang='lat' dir='ltr'><strong>et</strong></span> <span class='ocrx_word' id='word_1_155' title='bbox 3124 4117 3488 4193; x_wconf 87' lang='lat' dir='ltr'><strong>interdum</strong></span> <span class='ocrx_word' id='word_1_156' title='bbox 3564 4116 3951 4216; x_wconf 87' lang='lat' dir='ltr'><strong>crystallos</strong></span> <span class='ocrx_word' id='word_1_157' title='bbox 4007 4116 4311 4209; x_wconf 84' lang='lat' dir='ltr'><strong>Quarzi,</strong></span> <span class='ocrx_word' id='word_1_158' title='bbox 4397 4115 4546 4190; x_wconf 82' lang='lat' dir='ltr'><strong>fere</strong></span> 
     </span>
     <span class='ocr_line' id='line_1_28' title="bbox 1297 4230 2368 4334; baseline 0.001 -28"><span class='ocrx_word' id='word_1_159' title='bbox 1297 4232 1525 4307; x_wconf 85' lang='lat' dir='ltr'><strong>modo</strong></span> <span class='ocrx_word' id='word_1_160' title='bbox 1574 4230 1820 4307; x_wconf 89' lang='lat' dir='ltr'><strong>schisti</strong></span> <span class='ocrx_word' id='word_1_161' title='bbox 1875 4231 2368 4334; x_wconf 82' lang='lat' dir='ltr'><strong>agglutinatas.</strong></span> 
     </span>
    </p>
   </div>
   <div class='ocr_carea' id='block_1_14' title="bbox 1291 4361 4549 4676">
    <p class='ocr_par' dir='ltr' id='par_1_14' title="bbox 1291 4361 4549 4676">
     <span class='ocr_line' id='line_1_29' title="bbox 1596 4361 4547 4464; baseline -0 -23"><span class='ocrx_word' id='word_1_162' title='bbox 1596 4369 1783 4443; x_wconf 90' lang='lat' dir='ltr'><strong>Gen.</strong></span> <span class='ocrx_word' id='word_1_163' title='bbox 1835 4369 1953 4441; x_wconf 89' lang='grc'><strong>22.</strong></span> <span class='ocrx_word' id='word_1_164' title='bbox 2011 4368 2291 4442; x_wconf 69' lang='lat' dir='ltr'><strong>Saxum</strong></span> <span class='ocrx_word' id='word_1_165' title='bbox 2382 4396 2811 4442; x_wconf 78' lang='lat' dir='ltr'><strong>arenacmm.</strong></span> <span class='ocrx_word' id='word_1_166' title='bbox 2956 4368 3330 4457; x_wconf 75' lang='lat' dir='ltr'><strong>Qum-zum</strong></span> <span class='ocrx_word' id='word_1_167' title='bbox 3414 4390 3458 4440; x_wconf 93' lang='lat' dir='ltr'><strong>e</strong></span> <span class='ocrx_word' id='word_1_168' title='bbox 3537 4361 3782 4464; x_wconf 82' lang='lat' dir='ltr'><strong>granis</strong></span> <span class='ocrx_word' id='word_1_169' title='bbox 3870 4362 4028 4438; x_wconf 87' lang='lat' dir='ltr'><strong>sere</strong></span> <span class='ocrx_word' id='word_1_170' title='bbox 4121 4365 4547 4464; x_wconf 78' lang='lat' dir='ltr'><strong>crystallinis</strong></span> 
     </span>
     <span class='ocr_line' id='line_1_30' title="bbox 1295 4478 4549 4583; baseline -0.001 -25"><span class='ocrx_word' id='word_1_171' title='bbox 1295 4491 1636 4558; x_wconf 85' lang='lat' dir='ltr'><strong>constans</strong></span> <span class='ocrx_word' id='word_1_172' title='bbox 1688 4491 1812 4557; x_wconf 90' lang='lat' dir='ltr'><strong>aut</strong></span> <span class='ocrx_word' id='word_1_173' title='bbox 1862 4508 1997 4583; x_wconf 87' lang='lat' dir='ltr'><strong>per</strong></span> <span class='ocrx_word' id='word_1_174' title='bbox 2045 4509 2129 4559; x_wconf 85' lang='lat' dir='ltr'><strong>se</strong></span> <span class='ocrx_word' id='word_1_175' title='bbox 2174 4491 2299 4558; x_wconf 89' lang='lat' dir='ltr'><strong>aut</strong></span> <span class='ocrx_word' id='word_1_176' title='bbox 2356 4482 2450 4557; x_wconf 84' lang='lat' dir='ltr'><strong>ab</strong></span> <span class='ocrx_word' id='word_1_177' title='bbox 2525 4485 2778 4559; x_wconf 85' lang='lat' dir='ltr'><strong>alienis</strong></span> <span class='ocrx_word' id='word_1_178' title='bbox 2840 4483 3157 4559; x_wconf 85' lang='lat' dir='ltr'><strong>materiis</strong></span> <span class='ocrx_word' id='word_1_179' title='bbox 3207 4478 3556 4557; x_wconf 85' lang='lat' dir='ltr'><strong>instillatis</strong></span> <span class='ocrx_word' id='word_1_180' title='bbox 3618 4480 4157 4581; x_wconf 81' lang='lat' dir='ltr'><strong>agglutinatum.</strong></span> <span class='ocrx_word' id='word_1_181' title='bbox 4263 4482 4549 4556; x_wconf 83' lang='lat' dir='ltr'><strong>Adsunt</strong></span> 
     </span>
     <span class='ocr_line' id='line_1_31' title="bbox 1291 4599 2185 4676; baseline -0.003 -1"><span class='ocrx_word' id='word_1_182' title='bbox 1291 4600 1655 4676; x_wconf 87' lang='lat' dir='ltr'><strong>interdum</strong></span> <span class='ocrx_word' id='word_1_183' title='bbox 1716 4599 2185 4675; x_wconf 86' lang='lat' dir='ltr'><strong>Petraefacta.</strong></span> 
     </span>
    </p>
   </div>
   <div class='ocr_carea' id='block_1_15' title="bbox 1290 4727 4546 4950">
    <p class='ocr_par' dir='ltr' id='par_1_15' title="bbox 1290 4727 4546 4950">
     <span class='ocr_line' id='line_1_32' title="bbox 1587 4727 4546 4833; baseline -0.001 -26"><span class='ocrx_word' id='word_1_184' title='bbox 1587 4734 1773 4807; x_wconf 90' lang='lat' dir='ltr'><strong>Gen.</strong></span> <span class='ocrx_word' id='word_1_185' title='bbox 1824 4733 1943 4807; x_wconf 88' lang='grc'><strong>23.</strong></span> <span class='ocrx_word' id='word_1_186' title='bbox 2004 4734 2359 4819; x_wconf 78' lang='lat' dir='ltr'><strong>Quarzum</strong></span> <span class='ocrx_word' id='word_1_187' title='bbox 2413 4732 2772 4833; x_wconf 72' lang='lat' dir='ltr'><strong>tophosum</strong></span> <span class='ocrx_word' id='word_1_188' title='bbox 2839 4729 3321 4828; x_wconf 58' lang='lat' dir='ltr'><strong>(Quarztnffl.</strong></span> <span class='ocrx_word' id='word_1_189' title='bbox 3384 4727 3807 4803; x_wconf 82' lang='lat' dir='ltr'><strong>Sedimenta</strong></span> <span class='ocrx_word' id='word_1_190' title='bbox 3876 4729 4152 4821; x_wconf 85' lang='lat' dir='ltr'><strong>Quarzi</strong></span> <span class='ocrx_word' id='word_1_191' title='bbox 4233 4728 4546 4830; x_wconf 84' lang='lat' dir='ltr'><strong>tophosi,</strong></span> 
     </span>
     <span class='ocr_line' id='line_1_33' title="bbox 1290 4846 3958 4950; baseline -0.002 -23"><span class='ocrx_word' id='word_1_192' title='bbox 1290 4850 1654 4927; x_wconf 83' lang='lat' dir='ltr'><strong>interdum</strong></span> <span class='ocrx_word' id='word_1_193' title='bbox 1705 4873 1872 4923; x_wconf 88' lang='lat' dir='ltr'><strong>cum</strong></span> <span class='ocrx_word' id='word_1_194' title='bbox 1928 4848 2418 4938; x_wconf 87' lang='lat' dir='ltr'><strong>Chalcedone,</strong></span> <span class='ocrx_word' id='word_1_195' title='bbox 2469 4849 2764 4950; x_wconf 87' lang='lat' dir='ltr'><strong>saepius</strong></span> <span class='ocrx_word' id='word_1_196' title='bbox 2816 4873 2985 4923; x_wconf 89' lang='lat' dir='ltr'><strong>cum</strong></span> <span class='ocrx_word' id='word_1_197' title='bbox 3036 4846 3508 4922; x_wconf 80' lang='lat' dir='ltr'><strong>Petraesactis</strong></span> <span class='ocrx_word' id='word_1_198' title='bbox 3561 4846 3958 4922; x_wconf 84' lang='lat' dir='ltr'><strong>commixti.</strong></span> 
     </span>
    </p>
   </div>
   <div class='ocr_carea' id='block_1_16' title="bbox 2272 5050 3616 5129">
    <p class='ocr_par' dir='ltr' id='par_1_16' title="bbox 2272 5050 3616 5129">
     <span class='ocr_line' id='line_1_34' title="bbox 2272 5050 3616 5129; baseline -0.001 -3"><span class='ocrx_word' id='word_1_199' title='bbox 2272 5053 2580 5129; x_wconf 71' lang='lat' dir='ltr'><strong>CLAssffi</strong></span> <span class='ocrx_word' id='word_1_200' title='bbox 2630 5052 2786 5126; x_wconf 93' lang='lat' dir='ltr'><strong>VII.</strong></span> <span class='ocrx_word' id='word_1_201' title='bbox 2894 5054 3102 5127; x_wconf 68' lang='lat' dir='ltr'><strong>Saxa</strong></span> <span class='ocrx_word' id='word_1_202' title='bbox 3152 5050 3616 5125; x_wconf 80' lang='lat' dir='ltr'><strong>labradon‘ca.</strong></span> 
     </span>
    </p>
   </div>
   <div class='ocr_carea' id='block_1_17' title="bbox 1283 5181 4551 5408">
    <p class='ocr_par' dir='ltr' id='par_1_17' title="bbox 1283 5181 4551 5408">
     <span class='ocr_line' id='line_1_35' title="bbox 1487 5181 4551 5274; baseline -0.002 -9"><span class='ocrx_word' id='word_1_203' title='bbox 1487 5189 1729 5265; x_wconf 85' lang='lat' dir='ltr'><strong>Massa</strong></span> <span class='ocrx_word' id='word_1_204' title='bbox 1803 5185 2360 5263; x_wconf 82' lang='lat' dir='ltr'><strong>fundamentalis</strong></span> <span class='ocrx_word' id='word_1_205' title='bbox 2464 5185 2877 5274; x_wconf 85' lang='lat' dir='ltr'><strong>Labrador,</strong></span> <span class='ocrx_word' id='word_1_206' title='bbox 2958 5184 3409 5260; x_wconf 87' lang='lat' dir='ltr'><strong>Saussurites</strong></span> <span class='ocrx_word' id='word_1_207' title='bbox 3459 5182 3577 5258; x_wconf 88' lang='lat' dir='ltr'><strong>vel</strong></span> <span class='ocrx_word' id='word_1_208' title='bbox 3629 5183 3827 5260; x_wconf 88' lang='lat' dir='ltr'><strong>aliud</strong></span> <span class='ocrx_word' id='word_1_209' title='bbox 3874 5181 4154 5259; x_wconf 85' lang='lat' dir='ltr'><strong>Silicias</strong></span> <span class='ocrx_word' id='word_1_210' title='bbox 4239 5184 4551 5260; x_wconf 84' lang='lat' dir='ltr'><strong>alumini·</strong></span> 
     </span>
     <span class='ocr_line' id='line_1_36' title="bbox 1283 5300 4220 5408; baseline -0.003 -24"><span class='ocrx_word' id='word_1_211' title='bbox 1283 5334 1482 5401; x_wconf 88' lang='lat' dir='ltr'><strong>cum,</strong></span> <span class='ocrx_word' id='word_1_212' title='bbox 1557 5304 2085 5408; x_wconf 82' lang='lat' dir='ltr'><strong>crystallinum,</strong></span> <span class='ocrx_word' id='word_1_213' title='bbox 2140 5303 2477 5404; x_wconf 86' lang='lat' dir='ltr'><strong>simplex.</strong></span> <span class='ocrx_word' id='word_1_214' title='bbox 2585 5302 2806 5379; x_wconf 84' lang='lat' dir='ltr'><strong>Haud</strong></span> <span class='ocrx_word' id='word_1_215' title='bbox 2859 5325 3025 5379; x_wconf 85' lang='lat' dir='ltr'><strong>raro</strong></span> <span class='ocrx_word' id='word_1_216' title='bbox 3072 5300 3494 5402; x_wconf 85' lang='lat' dir='ltr'><strong>praevalent</strong></span> <span class='ocrx_word' id='word_1_217' title='bbox 3538 5301 3866 5379; x_wconf 84' lang='lat' dir='ltr'><strong>minerae</strong></span> <span class='ocrx_word' id='word_1_218' title='bbox 3910 5301 4220 5377; x_wconf 83' lang='lat' dir='ltr'><strong>innatae.</strong></span> 
     </span>
    </p>
   </div>
   <div class='ocr_carea' id='block_1_18' title="bbox 4917 1524 4930 2614">
    <p class='ocr_par' dir='ltr' id='par_1_18' title="bbox 4917 1524 4930 2614">
     <span class='ocr_line' id='line_1_37' title="bbox 4917 1524 4930 2614; baseline 0 0"><span class='ocrx_word' id='word_1_219' title='bbox 4917 1524 4930 2614; x_wconf 95' lang='lat' dir='ltr'><strong> </strong></span> 
     </span>
    </p>
   </div>
  </div>
 </body>
</html>
