4984 6517
3431 642 3599 743 ,67

664 861 896 946 luteo,
950 856 1143 933 striis
1193 852 1640 931 radiantibus
1703 850 1885 929 albis
1953 850 2321 956 variegato
2340 910 2359 939 ‚
2424 851 2627 954 poris
2690 849 3003 929 minimis
3056 850 3337 929 obtusis
3392 857 3709 959 aequali-

660 979 803 1054 bus
846 974 1111 1078 pallide
1160 974 1390 1050 fulvis.

757 1118 883 1195 Ad
933 1126 1237 1192 truncos
1288 1115 1421 1191 ins.
1479 1114 1629 1190 San
1678 1114 1851 1201 Jan‚
1905 1114 2157 1191 Indiae
2212 1138 2367 1189 occ.
2484 1101 2750 1189 (fr-steti.

761 1261 827 1335 Ε
879 1265 1184 1363 priorum
1236 1261 1548 1348 foedere,
1597 1273 1665 1334 at
1716 1288 1915 1362 quam
1973 1265 2258 1336 maxime
2311 1262 2665 1361 singularis
2716 1273 2783 1337 et
2832 1260 2916 1333 ad
2972 1259 3328 1338 Trametes
3393 1263 3708 1368 Hydnoi-

663 1381 829 1457 deos
905 1381 1251 1454 transitum
1334 1408 1597 1480 parans.
1744 1379 1981 1454 Primo
2062 1382 2301 1455 obtutu
2374 1382 3317 1456 imbricato-concrescentem
3393 1385 3711 1461 crederes

668 1506 768 1600 (ut
820 1501 903 1572 P.
956 1496 1402 1595 conglobatus
1447 1497 1690 1574 Berk.!
1747 1496 1944 1573 Ceut.
1995 1498 2048 1571 I.
2093 1528 2156 1575 n.
2217 1497 2344 1583 79,
2399 1502 2514 1598 qui
2567 1525 2732 1572 vero
2782 1525 2934 1570 cnm
2992 1513 3226 1573 nostro
3281 1518 3711 1603 comparatus

668 1621 862 1721 pusio
912 1630 1051 1707 est;
1102 1620 1380 1718 insuper
1430 1617 1771 1692 Trametis
1826 1619 2214 1718 species!)‚
2286 1630 2354 1689 at
2415 1618 2636 1718 pileus
2700 1618 2984 1716 simplex
3037 1630 3110 1691 et
3157 1632 3358 1693 strata
3417 1647 3711 1697 concen-

668 1741 856 1824 trica,
945 1741 1136 1837 quasi
1203 1737 1580 1823 imbricata,
1655 1764 1695 1811 e
1767 1736 2188 1812 diversorum
2257 1762 2582 1809 annorum
2659 1740 3099 1811 accrementis
3152 1740 3469 1813 oriuntur.
3574 1737 3713 1814 Su-

668 1854 974 1957 perficies
1033 1867 1332 1929 ceterum
1384 1854 1895 1943 fibrosolacera,
1949 1854 2476 1954 subsquamosa,
2540 1856 2779 1927 Tram.
2833 1857 3136 1952 gallicae
3182 1858 3439 1945 similis3
3480 1861 3546 1959 in
3593 1887 3713 1934 ve-

676 1974 1044 2049 tustissimis
1097 1987 1348 2047 tantum
1393 1976 1615 2048 stratis
1665 1974 1794 2048 hae
1846 1973 2055 2048 fibrae
2115 1973 2425 2048 detersae
2479 1987 2548 2047 et
2599 1975 2994 2074 superficies
3050 1977 3328 2065 rimosa,
3384 1990 3458 2050 ut
3507 1979 3573 2050 in
3623 1979 3710 2055 P.

680 2105 936 2167 rimoso.
1037 2089 1432 2165 Substantia
1482 2091 1870 2180 durissima,
1916 2120 2052 2166 non
2106 2118 2335 2167 crassa
2384 2106 2458 2165 ut
2509 2095 2572 2165 in
2626 2094 3002 2192 prioribus,
3045 2095 3404 2169 obscurius
3433 2095 3713 2182 fibrosa,

677 2213 792 2288 sed
844 2213 1017 2286 striis
1070 2212 1239 2285 albis
1293 2209 1575 2309 pulchre
1648 2213 2005 2309 variegata.
2124 2207 2387 2285 Subtus
2438 2211 2678 2310 planus
2747 2226 2886 2301 est,
2960 2215 3150 2312 poris
3220 2215 3457 2304 curtiS,
3531 2213 3715 2287 nudo

685 2332 871 2404 oculo
920 2330 1464 2431 impalpabilibus
1513 2339 1583 2403 et
1632 2355 1842 2429 saepe
1897 2329 2241 2403 obturatis.
2346 2327 2478 2403 His
2530 2356 2729 2429 quam
2781 2334 3063 2407 maxime
3103 2331 3320 2407 differt
3370 2360 3408 2406 a
3462 2334 3548 2405 P.
3599 2332 3718 2419 be-

681 2466 982 2551 teroporo
1033 2446 1259 2525 Mont.
1318 2447 1513 2524 Cent.
1569 2446 1655 2523 II.
1702 2478 1769 2522 n.
1828 2446 1960 2535 95,
2020 2461 2320 2523 ceterum
2366 2448 2527 2522 mihi
2574 2452 2830 2549 ignoto.

515 2641 608 2714 46.
680 2639 750 2713 P.
797 2638 1215 2739 (Imozm)
1272 2659 1836 2714 notoscumus
1943 2636 2197 2712 Berk.!
2251 2637 2453 2712 Ceut.
2510 2638 2596 2712 H.
2650 2663 2718 2737 p.
2781 2634 2946 2715 173.

771 2782 1140 2884 specimen
1191 2810 1521 2886 praesens
1573 2811 1661 2858 ex
1712 2786 1893 2859 omni
1942 2795 2137 2885 parte
2203 2783 2409 2858 refert
2477 2780 3058 2887 Berkeleyanum,
3133 2786 3260 2863 sed
3329 2774 3718 2865 indumento

683 2905 763 2977 P.
818 2900 1205 3001 rubiginosi
1250 2900 1495 2977 Berk.!
1571 2905 1636 2975 in
1703 2899 1882 2977 Ann.
1930 2900 2107 2976 Hist.
2160 2899 2321 2991 Nat.
2373 2900 2497 2973 IH.
2549 2930 2617 3002 p.
2671 2905 2819 2978 324
2875 2902 3074 3003 (Non
3125 2903 3280 3005 Fr.)
3348 2907 3736 2995 obductum

681 3035 808 3108 est,
863 3034 1214 3122 utramque
1268 3024 1571 3123 speciem
1622 3020 1813 3094 facile
1866 3024 2154 3120 jungens
2239 3063 2335 3077 —
2398 3033 2475 3093 ut
2525 3024 2721 3095 etiam
2778 3024 2952 3096 hanc
3004 3037 3074 3107 et
3119 3038 3517 3124 sequentem
3569 3031 3722 3103 sti·-

684 3168 867 3242 pem,
918 3142 1027 3213 cui
1084 3143 1374 3215 strictius
1433 3167 1473 3214 e
1527 3139 1885 3241 superficie
1939 3137 2210 3213 demum
2244 3138 2455 3241 polita
2507 3140 2931 3231 referendus,
2986 3143 3110 3221 sed
3162 3144 3384 3236 color,
3431 3154 3723 3221 contex-

683 3275 816 3349 tus,
866 3260 1132 3333 habitus
1180 3259 1317 3334 hoc
1368 3260 1525 3341 loco
1582 3258 1931 3335 collocant.
2035 3256 2239 3332 Prius
2293 3260 2558 3332 servavi
2607 3287 2888 3350 nomen,
2937 3288 3088 3336 cum
3137 3264 3414 3337 alterum
3462 3277 3744 3339 mutan--

686 3379 834 3451 dum
884 3388 1085 3452 esset.

1043 3554 1135 3629 X.
1232 3551 1465 3654 Stirps
1513 3553 1597 3627 Ρ.
1648 3575 2097 3631 Luvmnr.
2199 3557 2500 3655 Lignosi
2547 3557 2791 3661 Epicr.
2845 3583 2914 3663 p.
2969 3558 3140 3637 470.
3251 3600 3260 3609 -

777 3704 1020 3783 Pileus
1075 3702 1524 3790 dimidiatus,
1574 3702 1903 3805 lignosus
1959 3702 2210 3802 (etiam
2267 3706 2602 3805 primitus
2656 3707 2931 3796 aridus,
2981 3735 3133 3812 quo
3192 3734 3237 3786 a
3279 3709 3725 3814 Lignescen-

614 3910 621 3919 ‚
689 3823 902 3912 tibus,
952 3848 1203 3925 supra,
1255 3822 1561 3925 differt),
1617 3820 1928 3899 cuticula
1954 3822 2154 3903 tenui
2178 3823 2533 3927 laevigata
2585 3830 2767 3924 (non
2796 3825 3142 3916 discreta,
3191 3822 3722 3934 heterogenea)

692 3951 941 4035 tectus,
1013 3940 1420 4042 subpolitus
1490 3940 1772 4041 (junior
1846 3965 2026 4015 vero
2104 3966 2328 4042 saepe
2407 3943 2984 4047 flocculosus).
3012 3946 3189 4022 Pori
3247 3947 3521 4051 stipati,
3569 3973 3724 4029 non

693 4060 982 4136 stratosi.
1087 4061 1496 4143 Contextus
1555 4059 1920 4134 floccoso—
1923 4057 2349 4147 fibrillosuS,
2405 4061 2763 4161 pallidior.

783 4200 976 4282 Pileo
1031 4206 1400 4282 dermatino
1453 4234 1491 4279 a
1544 4207 1755 4307 priori
1808 4208 2050 4305 stirpe²
2130 4203 2399 4278 defectu
2471 4231 2637 4278 vero
2715 4217 2980 4283 crustae
3029 4205 3359 4283 discretae
3437 4236 3728 4289 corneae

697 4353 730 4397 a
776 4323 1219 4403 Fomentariis
1268 4322 1504 4400 differt.
1623 4322 1916 4398 Habitus
1981 4324 2070 4397 ab
2138 4335 2429 4422 utroque
2509 4348 2676 4398 vero
2757 4325 3065 4401 diversus
3116 4339 3185 4402 et
3236 4326 3323 4399 ad
3371 4324 3726 4439 Trametes

696 4447 988 4543 proxime
1040 4444 1404 4531 accedunt,
1454 4452 1521 4516 at
1570 4446 1723 4542 pori
1772 4445 2063 4547 generis.

534 4618 629 4695 47.
698 4622 769 4697 P.
824 4622 1210 4729 (Lanvm.)
1262 4648 1714 4712 coccmnus,
1784 4622 2501 4710 dimidiato-sessiliS,
2576 4621 2772 4723 pileo
2837 4621 3204 4699 suberoso
3255 4623 3627 4724 pulvinato
3684 4651 3728 4701 e

700 4740 1088 4818 flocculoso
1137 4743 1367 4845 polito
1421 4768 1665 4819 azono
1730 4768 1774 4818 e
1839 4742 2034 4846 gilvo
2113 4740 2959 4841 alumen-pallescente,
3035 4748 3385 4821 contextu
3459 4742 3728 4847 pallido

702 4859 894 4934 venis
960 4860 1197 4937 rubris
1266 4861 1673 4965 variegatO,
1746 4860 1949 4962 poris
2027 4859 2299 4959 stipatis
2376 4858 2732 4963 elongatis
2787 4858 3076 4933 minutis
3164 4858 3729 4963 intus-forisque

707 4975 1124 5055 ruben-imis.
1230 4984 1318 5056 P.
1355 4984 1694 5085 pandam·
1743 4977 1986 5079 Epicr.
2042 5003 2111 5078 p.
2169 4976 2367 5050 469?

798 5121 919 5201 Ad
973 5124 1307 5201 caudices
1360 5125 1438 5201 in
1482 5122 1724 5201 insula
1776 5121 2259 5198 Coralliorum
2301 5117 2504 5196 Atoll
2557 5116 2859 5197 Motuiti.
2964 5118 3177 5222 Legit
3222 5117 3418 5195 Prof.
3474 5118 3723 5196 Behm.

718 5240 1052 5319 Didrichs.
1108 5275 1174 5319 n.
1225 5255 1334 5323 54.

811 5389 977 5467 Cum
1023 5394 1472 5494 praecedente
1552 5393 1781 5468 forsan
1858 5391 2213 5481 confusus,
2293 5390 2418 5466 sed
2463 5391 2664 5491 plane
2718 5389 3025 5467 diversus
3096 5396 3182 5469 ab
3259 5395 3428 5469 illius
3502 5395 3734 5472 formis
