4984 6517
3494 539 3668 625 353

813 755 1034 830 Thalli
1092 784 1213 831 seu
1268 754 1543 832 frondes
1590 784 1882 857 semper,
1927 768 2244 856 quantum
2299 751 2469 839 vidi,
2521 779 2723 852 supra
2776 753 3026 842 coloris
3080 751 3301 827 vivide
3347 755 3776 842 virescentis,

506 882 573 952 in
624 877 997 951 olivaceum
1052 877 1207 976 plus
1251 878 1467 947 minus
1517 878 1777 962 mutati,
1841 897 2317 971 nonnunquam
2377 872 2593 956 rubri,
2653 874 2892 945 subtus
2945 870 3681 947 sordide—flavescentis
3735 875 3773 946 Ι.

511 995 950 1081 albescentis,
1020 995 1393 1067 arctissime
1476 1020 1694 1094 usque
1758 991 1844 1064 ad
1900 990 2190 1065 medium
2246 989 2402 1061 villo
2455 990 2859 1062 brevissimo
2912 989 3226 1077 adnatae,
3278 990 3776 1066 horizontaliter

509 1140 753 1212 magna
808 1114 1006 1211 copia
1062 1112 1627 1211 superimpositae
1680 1123 1749 1185 et
1800 1110 2220 1193 imbricatae,
2299 1107 2613 1207 pollicem
2670 1109 2935 1180 circiter
2985 1106 3154 1181 latae
3205 1120 3273 1181 et
3322 1109 3687 1181 dimiduum
3735 1111 3773 1181 Ι.

512 1229 845 1330 {pollicis
909 1230 1186 1327 longae,
1237 1256 1441 1329 supra
1495 1242 1816 1315 zonatae,
1871 1239 1939 1299 at
1985 1224 2193 1299 modo
2252 1224 2448 1297 valde
2497 1224 2860 1323 irregulari.
2959 1223 3312 1300 Verrucae
3353 1227 3606 1300 fructus
3651 1253 3779 1328 per

514 1350 828 1449 paginam
859 1349 1281 1447 superiorem
1313 1373 1623 1446 sparsae3
1677 1348 1782 1420 fila
1836 1342 2380 1446 paraphysoidea
2436 1343 2826 1416 subclavata
2874 1342 3129 1417 cellulis
3168 1344 3593 1418 inferioribus
3627 1346 3773 1417 lon-

509 1468 814 1566 gioribus
867 1479 936 1539 et
988 1467 1452 1565 superioribus
1507 1465 1917 1566 longitudine
1966 1463 2360 1536 diametrum
2390 1474 2740 1560 aequante.
2805 1459 3272 1560 Sporocarpia
3303 1490 3435 1535 non
3466 1464 3772 1537 vidimus.
3833 1471 3858 1488 ‘

817 1605 897 1680 Si
951 1608 1252 1680 colorem
1308 1606 1623 1693 viridem,
1676 1609 1788 1706 qui
1848 1605 2073 1680 forsan
2126 1605 2521 1705 expallentia
2569 1603 2894 1676 declarari
2920 1615 3181 1701 potest,
3212 1605 3510 1688 omittas,
3539 1630 3771 1701 parum

516 1726 789 1825 quidem
841 1724 1060 1797 differt
1113 1724 1281 1798 haec
1334 1728 1607 1824 species
1660 1727 1747 1798 ab
1803 1724 2130 1812 affinibus,
2182 1736 2500 1822 quantum
2555 1734 2711 1794 nota
2767 1733 2903 1808 est,
2958 1721 3113 1794 licet
3167 1724 3323 1820 quin
3356 1722 3437 1793 sit
3468 1719 3771 1794 distincta

511 1848 621 1918 vix
672 1845 980 1917 dubitare
1036 1869 1420 1942 possumus.

1438 2024 1637 2099 X1x„
1721 1969 2849 2105 anE‘rANcmM'sz.

821 2169 881 2240 1.
965 2167 1542 2243 Cau-mmmm
1595 2193 1978 2247 onuutnu
2035 2171 2237 2275 (L.)
2287 2173 2357 2246 J.
2418 2176 2558 2270 Ag.
2615 2175 2658 2246 l.
2715 2203 2772 2247 c.
2808 2202 2893 2273 p.
2951 2184 3088 2248 461.

814 2312 1049 2387 Secus
1103 2320 1326 2387 totam
1383 2338 1588 2387 oram
1642 2315 2085 2415 Capensem,
2144 2342 2187 2391 a
2239 2317 2404 2392 sinu
2468 2316 2814 2392 Tabulari
2870 2342 3102 2418 usque
3156 2316 3250 2389 ad
3303 2318 3479 2390 Port
3528 2314 3767 2399 Natal‚

515 2431 952 2532 frequenter.
972 2513 985 2520 ,

807 2576 925 2650 Ab
984 2577 1111 2651 hac
1166 2579 1399 2677 specie
1455 2575 1843 2680 Phycologi
1893 2592 2084 2654 antea
2136 2581 2340 2679 longe
2394 2592 2843 2680 segregarunt
2897 2578 2988 2651 G.
3036 2591 3375 2652 saccatum
3425 2575 3489 2649 J.
3547 2575 3679 2674 Ag.
3737 2574 3774 2645 Ι.

514 2724 571 2769 c.
614 2724 682 2795 p.
738 2694 883 2768 459
933 2700 1049 2790 (=
1104 2692 1538 2768 Dumontiam
1566 2696 1827 2770 ovalem
1852 2727 1908 2770 zv.
1938 2698 2215 2792 Saba),
2246 2725 2526 2797 quarum
2556 2713 2904 2797 utramque
2933 2700 2997 2771 in
3032 2697 3276 2771 eodem
3306 2722 3557 2795 genere
3589 2694 3777 2767 deni-

517 2840 647 2911 que
705 2816 1050 2910 conjunxit
1099 2812 1169 2885 J.
1230 2814 1554 2910 Agardh.
1639 2813 1865 2913 Larga
1921 2819 2361 2914 speciminum
2392 2821 2738 2916 utriusque
2769 2819 3136 2890 examinata
3166 2818 3395 2915 copia,
3437 2815 3558 2885 has
3589 2816 3775 2911 ipsas

514 2931 769 3030 plantas
822 2959 957 3003 non
1009 2930 1214 3002 modo
1269 2933 1351 3004 ad
1406 2933 1582 3006 idem
1635 2936 1973 3032 pertinere
2025 2962 2274 3034 genus,
2328 2934 2448 3007 sed
2504 2935 2786 3010 eandem
2813 2936 3008 3034 plane
3039 2960 3195 3009 esse
3223 2935 3558 3032 speciem,
3590 2943 3775 3002 certe

513 3053 985 3149 comperimus.
1092 3047 1578 3149 Chaetangium
1665 3068 2002 3125 saccatum
2056 3067 2159 3127 est
2214 3056 2482 3126 omniuo
2541 3052 2777 3126 Chaet.
2834 3067 3134 3126 ornatum
3193 3056 3255 3125 in
3313 3056 3523 3150 prima
3582 3051 3777 3146 liujus

514 3169 797 3254 infantia,
826 3167 1064 3241 fronde
1099 3169 1825 3268 obovoideo·oblonga
1861 3173 2097 3257 inflata,
2123 3176 2314 3268 cujus
2345 3175 2559 3270 stipes
2591 3175 3027 3245 brevissimus
3057 3174 3304 3244 sensim
3339 3171 3778 3268 prolongatur

519 3300 587 3361 et
627 3290 694 3360 in
742 3286 1049 3359 frondem
1102 3286 1362 3358 solitam
1420 3286 1818 3386 Chaetangii
1870 3293 2082 3362 ornati
2114 3289 2532 3390 expanditur,
2563 3317 2698 3389 quo
2727 3291 2903 3364 facto
2934 3291 3120 3364 frons
3147 3290 3252 3362 illa
3284 3289 3506 3362 inflata
3537 3284 3776 3360 Chaet.

517 3407 761 3477 saccati
808 3406 983 3502 apici
1041 3402 1295 3476 frondis
1346 3402 1718 3504 Cbaetang.
1765 3411 1977 3480 ornati
2020 3411 2332 3506 imposita
2388 3435 2514 3507 pro
2569 3420 2757 3482 certo
2827 3421 3136 3508 tempore
3197 3408 3615 3480 observatur.
3700 3402 3775 3476 In

519 3524 998 3623 speciminibus
1046 3524 1330 3595 maxime
1380 3524 1672 3596 evolutis
1729 3523 1967 3599 Chaet.
2024 3530 2235 3599 ornati
2283 3526 2751 3601 desiderantur
2805 3528 2929 3601 hae
2983 3526 3350 3609 vesiculae,
3382 3525 3588 3598 sedin
3617 3548 3778 3621 spe-

517 3641 867 3714 ciminibus
921 3640 1525 3739 2-3-pollicaribus
1557 3642 1798 3715 adsunt
1826 3645 2254 3742 saepissime;
2319 3649 2522 3718 immo
2555 3648 2619 3720 in
2649 3648 3054 3744 specimine,
3097 3644 3284 3743 quod
3310 3670 3537 3716 coram
3568 3643 3779 3714 oculis

520 3759 762 3844 habeo,
798 3757 1289 3857 4-5-pollicari,
1332 3761 1686 3834 nonnullae
1729 3761 2247 3860 prolificationes
2279 3765 2677 3862 marginales
2703 3767 2765 3836 in
2792 3764 3142 3849 vesiculas,
3172 3761 3520 3835 frondibus
3553 3758 3778 3832 Chae-

520 3889 698 3974 tang.
742 3877 991 3948 saccati
1028 3879 1298 3948 omnino
1331 3878 1603 3964 similes,
1645 3892 1797 3951 sunt
1823 3879 2105 3966 inflatae,
2148 3881 2322 3954 unde
2353 3882 2439 3955 de
2481 3886 2826 3981 utriusque
2866 3881 3207 3955 identitate
3234 3879 3405 3952 nulla
3434 3879 3779 3952 dubitatio.

1505 4047 1669 4119 XX.
1755 4048 2440 4126 PLOCAMIUM
2498 4052 2834 4124 Lamour.

928 4199 990 4270 1.
1073 4195 1547 4273 PLOCAMIUM
1601 4220 2045 4274 CONCINNUM
2098 4203 2383 4275 Are-ech.
2439 4203 2658 4302 Phyc.
2717 4205 3113 4277 Extraeur.
3163 4231 3305 4276 ατε.
3366 4232 3432 4273 n.
3487 4209 3593 4275 45.

818 4325 1080 4403 Thallo
1150 4329 1401 4404 lineari
1464 4331 1885 4407 tenuissime
1938 4345 2221 4408 costato
2279 4335 3160 4437 decomposito-pinnatO,
3215 4335 3450 4435 pinnis
3503 4335 3779 4408 alterne

518 4444 770 4531 terniS,
823 4442 1149 4521 inferiori
1203 4447 1625 4549 laciniisque
1678 4452 2145 4549 superiorum
2199 4452 2875 4529 lanceolato-ovatis
2927 4454 3182 4529 leviter
3227 4452 3535 4528 arcuatis
3591 4475 3780 4523 mar-

517 4561 685 4662 gine
737 4570 891 4637 toto
940 4562 1267 4641 inferiori
1332 4569 1665 4654 serratiS,
1744 4568 2244 4670 sporophyllis
2314 4572 2677 4671 pedicello
2731 4571 3164 4646 brevissimo
3231 4571 3777 4645 divaricato-ra-

518 4678 745 4754 mosis
794 4678 1125 4779 apicibus
1173 4684 1636 4761 acutiusculis
1692 4684 2271 4787 sphaerosporas
2323 4689 2593 4790 duplici
2643 4689 2836 4765 serie
2883 4688 3328 4792 gerentibus

816 4815 901 4888 ln
977 4817 1159 4891 mari
1236 4816 1573 4893 atlantico
1654 4845 1888 4920 prope
1967 4822 2243 4897 Insulas
2310 4823 2578 4923 Capitis
2655 4822 2935 4910 viridis,
2993 4820 3117 4896 ubi
3170 4821 3263 4897 ad
3314 4822 3622 4897 insulam
3679 4821 3777 4895 St.

515 4932 829 5007 Vincent
876 4932 1144 5007 lectum
1195 4945 1323 5011 est.

823 5066 1063 5141 Planta
1119 5071 1348 5168 quoad
1398 5071 1696 5145 habitum
1758 5085 1964 5172 atque
2018 5073 2578 5173 magnitudinem,
2631 5079 2687 5150 si
2739 5078 2977 5150 leviter
3013 5080 3383 5176 inspicitur,
3435 5074 3782 5148 Thamno·

520 5187 752 5284 phoris
786 5213 986 5285 quam
1047 5184 1413 5264 Plocamiis
1466 5191 1642 5262 veris
1701 5190 1959 5265 affinior
1989 5192 2183 5265 facile
2240 5192 2544 5266 habetur.
2651 5193 2886 5268 Callus
2952 5196 3260 5269 radicalis
3318 5209 3420 5268 sat
3472 5220 3784 5291 magnus,

521 5304 830 5379 fibrosus.
940 5303 1223 5380 Thallus
1282 5333 1501 5406 usque
1556 5307 2012 5407 9-pollicaris,
2067 5310 2408 5384 latitudine
2462 5313 2936 5411 sesquilineam
2990 5317 3256 5388 circiter
3305 5339 3636 5411 aequans,
3685 5314 3783 5383 in-
