4984 6517
442 909 490 977 1.

3357 538 3536 627 105

1496 755 1856 836 LAscruA.
1959 759 2201 860 Epicr.
2258 783 2325 857 p.
2382 757 2552 830 499.

605 899 680 974 L.
739 922 1144 977 DELICATA..
1200 899 1243 977 l.
1304 927 1365 977 c.
1422 905 1509 977 L.
1565 906 1962 979 tremellosa.
2025 904 2296 978 Summ.
2347 903 2534 1004 Veg.
2593 901 2747 976 Sc.!

699 1042 826 1117 Ad
876 1055 1171 1119 truncos
1197 1045 1268 1119 in
1296 1045 1580 1120 Guinea
1606 1048 1823 1133 Isert;
1875 1046 1947 1120 in
2002 1070 2233 1148 regno
2287 1043 2682 1120 Mexicano
2737 1045 2831 1120 ad
2879 1046 3230 1145 Zacuapa.
3282 1044 3636 1120 Liebman.

702 1186 1095 1287 Specimina
1172 1188 1534 1264 Mexicana
1611 1191 2017 1291 simpliciter
2078 1202 2433 1263 exsiccata
2504 1196 2590 1265 ita
2662 1193 2890 1266 habitu
2962 1190 3287 1264 recedunt
3353 1220 3391 1264 a
3466 1189 3642 1266 Gui-

606 1310 966 1381 neensibus
996 1320 1415 1409 compressis,
1473 1321 1545 1381 ut
1595 1309 1894 1383 diversas
1924 1310 2135 1408 fingas
2193 1312 2479 1407 species
2554 1309 2674 1383 Illa
2696 1337 2862 1383 vero
2892 1309 3348 1408 descripturus
3399 1313 3641 1383 utrius-

609 1454 737 1525 que
790 1452 976 1525 spec.
1033 1429 1097 1499 in
1157 1453 1327 1526 aqua
1381 1431 1710 1500 maceravi
1761 1430 2128 1526 (reviscunt
2154 1431 2327 1502 enim
2368 1426 2706 1502 Laschiae
2767 1441 2836 1501 ut
2890 1426 3237 1527 Exidiael)
3269 1440 3337 1502 et
3366 1429 3638 1502 absolu-

607 1556 739 1615 tam
793 1546 1012 1616 inveni
1062 1544 1505 1632 identitatem,
1579 1559 1650 1619 ut
1724 1573 1808 1620 ne
1864 1547 2130 1645 quidem
2188 1559 2259 1619 ut
2310 1548 2562 1620 formae
2613 1547 2922 1646 distingui
2973 1550 3253 1646 possint.
3294 1590 3388 1602 —
3425 1544 3639 1620 Reni-

604 1663 868 1749 formiS,
917 1663 1276 1749 conchata,
1330 1664 1825 1751 subdimidiata,
1874 1664 1998 1738 sed
2051 1666 2340 1764 undique
2393 1668 2786 1764 marginata,
2838 1670 3101 1766 postice
3155 1666 3448 1739 umbone
3480 1667 3639 1739 bre·

606 1783 883 1854 vissimo
913 1796 1229 1883 porrecto
1281 1784 1602 1882 stipitata,
1645 1784 1971 1882 pendula,
2023 1787 2281 1857 unciam
2328 1787 2439 1856 vix
2480 1787 2842 1882 attingens,
2891 1785 3637 1883 gelatinoso-membra-

609 1926 850 1988 nacea,
902 1901 1198 1988 flaccida,
1250 1901 1469 1988 fusca,
1548 1902 1714 1977 facie
1784 1903 2048 2001 glabra,
2102 1906 2281 1976 sicca
2333 1904 2739 1976 contrahitur
2807 1929 3022 2002 opaca
3075 1906 3496 2002 nigrescenS,
3570 1904 3637 1975 in

605 2044 778 2116 aqua
835 2019 1024 2094 facile
1077 2022 1485 2093 reviviscens
1535 2020 2013 2121 subpellucida.
2115 2019 2525 2122 Hymenium
2585 2021 2850 2095 definite
2879 2034 3121 2095 terram
3162 2033 3426 2120 spectat
3451 2020 3637 2117 (hinc

602 2137 688 2208 ad
741 2136 1231 2224 Tremellinos,
1281 2151 1605 2211 structura
1657 2143 2036 2238 proximos,
2088 2168 2221 2213 non
2274 2140 2664 2241 reseratur),
2729 2166 2767 2213 e
2823 2143 3029 2214 costis
3083 2142 3635 2213 anastomosanti·

612 2257 735 2328 bus
792 2255 1125 2355 profunde
1179 2258 1578 2343 areolatum,
1636 2257 2128 2357 dissepimentis
2182 2260 2440 2332 obtusis
2517 2259 2992 2357 homogeneiS,
3070 2259 3344 2332 alveolis
3398 2258 3637 2356 amplis

602 2374 1094 2472 irregularibus.
1198 2375 1286 2447 L.
1341 2376 1645 2449 velutina
1697 2374 1866 2450 LeV.
1919 2380 2115 2449 etiam
2168 2378 2452 2449 maxime
2507 2377 2715 2449 affinis
2767 2377 3061 2462 videtum
3113 2377 3313 2477 pubis
3368 2377 3637 2450 velutini

605 2495 958 2592 vestigium
1012 2493 1507 2567 subtilissimum
1568 2495 1850 2568 subinde
1909 2500 2102 2568 etiam
2154 2497 2219 2567 in
2269 2493 2397 2567 hac
2449 2495 2602 2568 vidi.
2660 2539 2752 2552 —
2806 2492 3231 2568 Nobilissimi
3280 2492 3636 2596 Hymeno-

603 2626 940 2713 mycetum
992 2614 1257 2710 generis
1312 2615 1610 2711 speciem
1662 2615 1954 2715 typicam
2004 2626 2072 2687 et
2126 2615 2503 2714 primariam
2554 2617 2791 2688 iterum
2855 2613 3095 2686 lectam
3148 2639 3303 2687 esse
3353 2639 3633 2711 magno-

601 2756 765 2828 pere
817 2729 1210 2830 gaudemus.

1446 2829 1866 2908 Mnnuzms.
1971 2830 2208 2933 Epicr.
2264 2858 2332 2932 p.
2393 2832 2561 2905 300.

432 2974 481 3042 1.
589 2969 684 3043 Μ.
742 2991 1246 3046 INCARNATUS.
1358 2967 1713 3046 Schwein.
1776 3016 1868 3029 —
1916 2970 2155 3072 Epicr.
2209 2997 2278 3072 p.
2338 2974 2506 3045 500.

427 3721 477 3787 1.

694 3111 758 3186 Ε
810 3113 1079 3187 Tean.
1186 3110 1412 3186 Dedit
1471 3114 1918 3188 Tuckerman.

700 3265 1087 3368 Specimina
1142 3266 1415 3340 Texana
1468 3269 1679 3368 plicas
1727 3282 1968 3368 gerunt
2017 3270 2687 3368 reticulato-porosas
2730 3273 2997 3343 omnino
3025 3275 3324 3370 generis,
3371 3276 3437 3347 in
3494 3299 3627 3373 quo

602 3389 823 3486 utique
877 3388 1215 3460 abnormis
1266 3399 1371 3460 est
1421 3389 1720 3486 species,
1772 3387 1893 3460 sed
1945 3388 2030 3459 ad
2081 3385 2546 3461 Cantharellos
2603 3390 2714 3461 vix
2752 3389 3088 3461 referatur.

1472 3575 1838 3651 Humum,
1947 3575 2191 3676 Epicr.
2247 3601 2314 3676 p.
2374 3574 2544 3649 505.

599 3713 690 3789 Η.
746 3712 1177 3815 (ΜΕεοΡυε)
1222 3737 1740 3791 monn-*mmm
1846 3714 2088 3815 Epicr.
2144 3740 2212 3815 p.
2275 3714 2443 3788 509.

698 3853 821 3929 Ad
868 3853 1062 3957 ligna
1109 3854 1396 3954 putrida
1448 3854 1521 3928 in
1576 3856 1881 3930 Guinea.
1940 3856 2178 3953 Afzel.
2215 3856 2301 3952 f.
2366 3865 2475 3930 28.

702 4000 991 4076 Unicum
1038 4002 1361 4077 hactenus
1409 4005 1747 4101 cognitum
1801 4000 2125 4103 Hydnum
2179 3997 2523 4098 Mesopus
2579 4025 2617 4072 e
2677 4000 3066 4099 regionibus
3147 4002 3424 4100 tropicis
3476 4014 3543 4075 et
3594 4030 3631 4074 a

605 4121 871 4220 reliquis
922 4122 1202 4193 maxime
1255 4120 1583 4194 recedens
1637 4122 2060 4220 vegetatione
2130 4118 2430 4217 epixyla,
2517 4120 2664 4191 basi
2732 4118 3334 4206 scutato-dilatata,
3415 4119 3631 4220 fungis

610 4240 888 4340 epixylis
934 4240 1208 4336 tropicis
1267 4241 1619 4312 communi.
1724 4238 1957 4338 Stipes
2011 4236 2101 4309 nil
2155 4235 2331 4306 aliud
2381 4248 2514 4322 est,
2577 4261 2776 4335 quam
2826 4238 3008 4310 basis
3066 4241 3272 4311 centri
3319 4241 3631 4313 tubercu-

609 4358 778 4444 losa,
829 4358 1154 4430 subtiliter
1175 4360 1593 4456 pubescens,
1627 4359 1820 4456 lignis
1860 4357 2094 4428 adfixa.
2202 4351 2434 4427 Pileus
2489 4356 2870 4441 coriaceus,
2919 4356 3340 4444 orbicularis,
3377 4359 3631 4459 cyathi-

605 4477 859 4562 sormis,
913 4476 1064 4548 dein
1119 4479 1329 4574 magis
1385 4475 1804 4576 explanatus,
1861 4478 1894 4546 1
1957 4501 2102 4547 unc.
2154 4475 2362 4560 latus,
2416 4500 2700 4560 azonus,
2766 4473 3004 4562 laevis,
3080 4486 3378 4548 tomento
3453 4478 3631 4550 molli

606 4596 967 4681 velutinus,
1052 4594 1456 4680 subnitidus,
1545 4595 2215 4692 ligneo-pallescens3
2300 4594 2366 4663 in
2448 4591 2638 4663 disco
2727 4591 3057 4689 depresso
3145 4595 3631 4668 tuberculosus.

605 4710 795 4786 Haec
848 4713 1191 4785 tubercula
1246 4724 1398 4784 sunt
1447 4738 1775 4784 novorum
1825 4712 2152 4810 pileorum
2199 4710 2604 4797 rudimenta,
2660 4735 2832 4809 quae
2887 4710 3170 4785 subinde
3228 4714 3293 4784 in
3332 4713 3631 4812 perfecta

603 4830 929 4904 individua
993 4842 1423 4916 excrescunt,
1494 4842 1565 4902 ut
1635 4830 1865 4902 videre
1921 4830 2073 4903 licet
2118 4833 2183 4903 in
2237 4827 2581 4902 Cladoniis
2635 4856 2671 4900 a
2729 4828 3228 4927 diaphragmate
3280 4830 3631 4928 proliseris.

605 4948 840 5022 Aculei
894 4948 1203 5036 conserti,
1254 4948 1569 5047 graciles,
1623 4949 1937 5035 subulati,
1990 4949 2028 5020 l.
2080 4951 2288 5022 rarius
2335 4948 2745 5046 compressi,
2796 4947 2882 5018 ad
2924 4946 3116 5020 basin
3167 4947 3631 5038 decurrenteS,

605 5093 832 5141 versus
863 5069 1230 5165 marginem
1258 5066 1732 5140 decrescentes
1782 5078 1851 5139 et
1897 5064 2315 5165 pallidioreS,
2375 5067 2593 5165 primo
2646 5068 3118 5156 cinnamomei,
3164 5066 3288 5142 sed
3338 5069 3402 5140 in
3445 5095 3631 5169 spec.

608 5189 793 5261 siccis
842 5187 1028 5259 fusci.

3333 5287 3424 5358 14
