4984 6517
1337 1290 1447 1362 16.

1439 550 1606 638 112

1529 774 1694 846 trice
1771 770 2053 858 sulcata,
2115 772 2441 846 unicolor.
2545 766 2779 870 Saepe
2829 769 3389 869 longitudinaliter
3436 769 3664 844 effusa.
3789 769 4196 875 Hymenium
4244 781 4505 854 tenuissi-

1523 916 1737 978 mum,
1789 890 2015 977 laeve,
2074 894 2428 964 saturatius
2479 890 2887 976 coloratum,
2937 916 3176 964 versus
3229 891 3595 987 marginem
3648 891 3872 965 sterile
3920 890 4256 991 pallidius,
4300 898 4357 969 in
4398 899 4510 973 for·

1535 1036 1642 1081 ma
1691 1010 1995 1082 umbrina
2044 1037 2208 1084 vero
2262 1010 2606 1083 concolor.
2720 1004 3127 1110 Synonymo
3178 1006 3554 1108 Berkeleyi
3603 1034 3740 1081 non
3771 1014 4044 1109 cognito
4071 1012 4199 1085 sub
4247 1012 4343 1087 St.
4388 1043 4510 1090 ma-

1529 1127 1950 1200 lachodermo
2003 1127 2323 1202 distribui.

1528 1288 1600 1362 S.
1650 1285 2190 1387 (Muscnon.)
2256 1306 2904 1360 nosssocsnunm.
3010 1281 3366 1361 Schwein.
3429 1284 3587 1361 Car.
3641 1310 3708 1385 p.
3768 1285 3887 1359 81.
3968 1309 4116 1358 var.
4170 1287 4517 1366 ramealis.!

1534 1404 1927 1479 Corticium
1971 1401 2510 1477 Leveilleanum
2561 1402 2819 1475 Berk.?

1628 1548 1868 1624 Adest
1916 1546 1990 1621 in
2045 1544 2475 1620 collectione
2547 1548 2623 1643 (e
2671 1542 2855 1618 Pulo
2902 1540 3077 1616 Milu
3091 1545 3153 1643 ?)
3235 1544 3743 1631 Didrichsenii,
3825 1553 3900 1620 et
3962 1570 4098 1645 per
4145 1546 4519 1623 Amet-icam

1530 1668 1809 1742 videtur
1854 1664 2170 1767 vulgare.

1623 1809 1819 1884 Haec
1868 1809 2137 1908 species
2192 1832 2230 1877 a
2279 1817 2447 1906 typo
2499 1802 2698 1901 hujus
2752 1805 3153 1902 subgeneris
3228 1805 3568 1905 paululum
3639 1804 3925 1895 recedit,
4002 1804 4129 1880 sed
4182 1806 4273 1878 ob
4320 1806 4524 1908 hyme-

1529 1934 1707 2003 nium
1749 1930 1816 2000 in
1867 1926 2041 2000 nulla
2094 1936 2308 1999 aetate
2387 1949 2775 2007 ceraceum,
2857 1924 3156 1996 siccitate
3239 1949 3368 1997 nec
3420 1936 3866 2012 contractum,
3942 1952 4072 1998 nec
4128 1925 4430 1997 rimosum
4495 1953 4530 1999 a

1536 2048 1882 2132 curtidis,
1941 2072 2094 2118 meo
2124 2070 2349 2130 sensu,
2406 2043 2677 2115 omnino
2727 2039 3287 2138 distinguendum.
3389 2038 3646 2115 Forma
3702 2044 4112 2142 resupinata,
4164 2068 4252 2115 ex
4294 2045 4529 2117 orbicu-

1538 2169 1655 2241 lari
1700 2164 2079 2249 confluens,
2130 2162 2332 2259 longe
2384 2160 2600 2233 effusa
2668 2161 2875 2230 instar
2925 2158 3030 2231 St.
3088 2156 3461 2245 albobadii,
3514 2162 3801 2234 ambitus
3877 2160 4378 2247 determinatus,
4448 2174 4533 2235 te-

1531 2287 1679 2359 nuis
1732 2295 1800 2357 et
1850 2308 2141 2382 superne
2190 2306 2398 2380 saepe
2450 2276 3064 2379 pileato-reflexus‚
3117 2276 3297 2375 pileo
3343 2278 3580 2351 leviter
3630 2281 4054 2353 concentrice
4099 2279 4352 2353 sulcato
4397 2276 4533 2353 Ste-

1535 2404 1865 2489 reoruml,
1916 2400 2241 2499 adpresse
2296 2400 2581 2484 sericeo,
2631 2397 2805 2471 albo.
2911 2391 3302 2467 Substantia
3353 2422 3490 2469 non
3550 2398 3636 2468 ita
3690 2396 3837 2472 laxe
3892 2410 4207 2472 contexta
4257 2424 4334 2471 ac
4375 2399 4537 2497 prio-

1533 2548 1710 2607 rum,
1760 2518 1885 2593 sed
1935 2517 2295 2590 admodum
2347 2517 2600 2602 mollis,
2670 2514 2871 2586 arida.
2998 2510 3407 2614 Hymenium
3487 2515 3699 2603 laeve,
3752 2543 4307 2590 carneo-roseum
4356 2517 4394 2587 l.
4443 2544 4541 2589 ru-

1531 2641 1813 2726 bellum,
1868 2636 2676 2734 canescenti-pruinosum
2727 2633 2954 2731 potius
3000 2657 3199 2729 quam
3244 2633 3654 2732 pubescens.
3761 2632 4052 2734 Fungus
4105 2635 4406 2709 exoletus
4450 2648 4541 2707 to-

1536 2771 1642 2831 tus
1694 2755 2015 2830 candidus
2062 2766 2181 2828 est.
2311 2750 2509 2826 Haec
2580 2750 2831 2850 duplex
2903 2751 3134 2823 aetatis
3213 2762 3424 2823 status
3496 2750 3583 2823 ad
3645 2752 3780 2825 hoc
3864 2754 4215 2851 subgenus
4286 2757 4544 2828 maxime

1538 2876 1748 2949 trahit.
1780 2917 1872 2929 —
1903 2870 2326 2972 specimina,
2375 2897 2553 2971 quae
2607 2895 2812 2969 supra
2857 2867 3013 2941 solia
3063 2867 3234 2940 lecta
3284 2872 3461 2943 misit
3512 2868 3886 2958 Schwein.,
3934 2870 4135 2943 dubia
4164 2885 4335 2959 sunt,
4360 2874 4545 2944 mani-

1531 2995 1700 3067 feste
1756 2992 2148 3091 imperfecte
2206 2989 2506 3074 evoluta;
2573 2987 2762 3061 facile
2834 2999 3056 3060 tamen
3113 2988 3396 3087 analoga
3463 3014 3616 3061 cum
3675 2989 3800 3062 Th.
3853 2990 4113 3088 dryina
4168 2986 4308 3087 (St.
4366 2989 4548 3063 disci-

1535 3112 1762 3184 formis
1780 3112 1828 3206 Ξ)
1884 3109 2166 3183 Athelia
2227 3107 2420 3179 Taxi
2463 3104 2547 3178 P.
2594 3102 2855 3203 (Sterei
2925 3104 3197 3180 areolati
3216 3108 3265 3206 !)
3312 3118 3438 3180 etc.
3494 3148 3589 3161 —
3642 3103 3933 3181 Habitus
3987 3108 4093 3181 St.
4150 3117 4550 3180 roseocarnei

1540 3230 1626 3302 ad
1672 3227 2101 3330 Hypochnos
2154 3222 2417 3299 accedit
2467 3236 2535 3297 et
2585 3224 2966 3298 Schweiniz
3015 3227 3198 3322 juxta
3250 3226 3344 3298 H.
3397 3222 3909 3301 rubrocinctum
3959 3226 4124 3326 (Th.
4181 3227 4548 3300 coccineam

1531 3347 1839 3453 Schml)
1885 3347 2255 3420 collocavit.

2319 3496 2902 3572 Aumcnmms.
3011 3493 3253 3596 Epicr.
3306 3520 3379 3596 p.
3433 3494 3602 3570 555.

1638 3642 2091 3744 Hymenium
2139 3639 2216 3713 in
2266 3636 2409 3713 hoc
2465 3663 2742 3740 genere
2789 3638 2989 3713 varie
3048 3637 3541 3741 effiguratum‚
3587 3639 3722 3715 sed
3772 3639 4059 3740 species
4107 3638 4301 3715 adeo
4327 3639 4554 3715 intime

1543 3785 1925 3836 connexae
1948 3819 1967 3846 ,
2023 3768 2097 3833 ut
2141 3781 2416 3859 genere
2466 3781 2690 3858 aegre
2744 3763 3191 3831 moveantur.
3298 3757 3376 3832 A
3423 3758 3718 3833 centrali
3768 3760 3858 3832 A.
3916 3770 4358 3833 mesenterica
4406 3756 4557 3831 hinc

1541 3906 1675 3984 per
1721 3881 1810 3953 A.
1864 3879 2284 3953 cucullatam
2341 3874 2412 3949 S.
2459 3875 2552 3948 V.
2609 3876 2724 3949 Se.
2771 3883 2845 3949 et
2895 3875 2985 3948 Α.
3040 3876 3576 3976 vespertilionem
3624 3875 3698 3951 in
3748 3878 3841 3952 Α.
3896 3879 4319 3963 venulas-am,
4383 3876 4558 3950 illinc

1537 4023 1673 4101 per
1717 4001 1808 4073 A.
1839 3995 2136 4072 lobatam
2190 3995 2264 4069 in
2317 3995 2407 4067 A.
2442 3995 2881 4068 reticulatam
2908 3991 3147 4092 Epicr.
3177 3990 3344 4067 abit.
3400 3994 3607 4068 Haec
3648 4020 3827 4069 vero
3848 4054 3864 4082 ,
3919 4019 4141 4069 sensu
4174 3994 4327 4070 Cel.
4361 3992 4555 4068 Mon-

1545 4114 1803 4218 tagnei,
1859 4113 2128 4213 optima
2157 4121 2267 4188 est
2326 4116 2686 4214 Gloeopori
2731 4110 3037 4212 species.
3142 4110 3534 4187 Accedunt
3584 4112 3880 4187 demum
3906 4112 4195 4213 species
4223 4111 4559 4214 hymenio

1532 4258 1833 4335 prorsus
1878 4229 2096 4315 laevi,
2147 4258 2212 4305 v.
2269 4256 2328 4304 c.
2387 4231 2477 4304 A.
2538 4232 2759 4315 lenta,
2813 4231 2904 4303 A.
2969 4240 3242 4305 minuta
3293 4228 3509 4304 Berk.

1537 4418 1632 4492 A.
1699 4416 2249 4500 vespm-mm,
2325 4413 3038 4514 resupinato-effusa,
3122 4413 4074 4519 cartilagineo-gelatinosa,
4165 4420 4560 4522 applanata,

1541 4531 2150 4633 umbrino-uigra‚
2199 4529 2554 4631 hymenio
2604 4540 3205 4608 venoso-costato
3261 4532 4111 4638 umbrino-nigrescente.

1635 4672 1758 4750 Ad
1815 4686 2113 4748 truncos
2160 4671 2235 4745 in
2281 4674 2503 4747 Costa
2551 4672 2749 4747 Rica.
2811 4661 3080 4748 O'rsted.

1638 4812 1900 4887 Eximia
1954 4814 2258 4911 specieS‚
2310 4817 2554 4913 pagina
2641 4814 2844 4885 sterili
2926 4812 3221 4913 undique
3295 4816 3548 4888 matrici
3603 4816 3987 4915 applanata,
4040 4816 4469 4902 orbiculariS,
4518 4814 4561 4887 3

1533 4960 1681 5006 unc.
1739 4934 1999 5005 circiter
2048 4932 2208 5017 lata,
2259 4933 2323 5003 in
2376 4931 2629 5004 ambitu
2680 4931 3067 5018 sublobata‚
3117 4932 3251 5004 uda
3300 4933 3602 5008 reserens
3680 4932 4070 5009 Collematis
4122 4943 4571 5030 nigrescentis

1539 5051 1785 5124 formas
1833 5051 2043 5147 magis
2094 5053 2461 5149 speciosas.
2569 5046 2921 5122 Structura
2976 5050 3247 5149 quidem
3294 5054 3593 5150 generis,
3650 5064 3718 5124 at
3790 5053 4255 5151 cartilaginea,
4310 5055 4569 5151 irrigata

1543 5170 1748 5241 multo
1795 5169 2009 5242 minus
2053 5168 2312 5265 turgida
2362 5179 2430 5241 et
2481 5168 2859 5241 tremellosa
2882 5225 2900 5255 ,
2949 5194 3149 5267 quam
3196 5171 3260 5242 in
3316 5171 3680 5269 speciebus
3725 5167 4145 5269 Europaeis,
4198 5197 4410 5270 quare
4452 5194 4574 5242 nec

1547 5291 1725 5363 sicca
1790 5289 1879 5359 ita
1930 5297 2298 5373 contracta,
2373 5311 2503 5359 nec
2581 5285 2872 5388 hymenii
2930 5286 3121 5361 color
3168 5314 3332 5363 vere
3383 5291 3776 5363 immutatur.
3886 5286 4142 5363 Costae
4191 5289 4489 5390 hymenii
4534 5313 4573 5362 e
