4984 6517
3413 518 3586 605 299

708 729 898 801 Gen.
953 726 1074 800 20.
1125 726 1408 802 Saxum
1454 728 1781 802 siliceum.

602 864 668 935 1.
730 862 1008 937 Saxum
1073 863 1399 959 lydio-um.
1505 860 1819 961 (Lydit).
1926 858 2144 934 Silica
2209 857 2367 933 fere
2438 883 2641 956 pura.
2750 860 2981 936 Color
3054 865 3500 941 atro—viridis
3566 868 3688 944 vel

393 976 624 1076 niger.
728 980 802 1052 A
857 975 1199 1077 Chalybe
1253 977 1539 1054 excutit
1598 976 1974 1064 scintillas,
2051 1000 2204 1051 non
2282 973 2474 1050 nitet.
2581 975 2926 1054 Solidum
2998 980 3116 1055 vel
3196 980 3681 1071 festucosum,

393 1092 707 1171 fractura
750 1095 1113 1195 inaequali
1163 1106 1240 1171 et
1289 1093 1857 1171 emichaeformi.

603 1227 686 1303 In
731 1223 1291 1305 formationibus
1342 1229 1654 1330 antiquis
1704 1227 2306 1302 sedimentorum.

594 1363 663 1437 2.
721 1364 937 1439 Sileae.
1048 1366 1423 1455 Quarzum
1468 1358 1782 1438 solidum
1834 1357 1908 1439 in
1961 1355 2404 1437 sedimentis.
2509 1361 2859 1435 Fractura
2938 1362 3532 1441 conchaeformis
3607 1378 3683 1444 et

384 1480 774 1554 festucosa.
881 1481 958 1555 A
1011 1480 1343 1582 Cbalybe
1400 1478 1677 1555 excutit
1727 1478 2089 1554 scintillas,
2195 1478 2423 1553 Color
2468 1479 2719 1565 flavuS,
2761 1478 3049 1579 griseus
3102 1482 3220 1556 vel
3269 1485 3504 1585 niger,
3561 1485 3670 1559 in-

387 1596 677 1671 terdum
731 1598 1159 1701 variegatus.
1263 1595 1599 1673 Frustula
1652 1594 1971 1697 paullum
2031 1596 2276 1672 nitent.
2376 1593 2782 1693 Depositae
2835 1604 3005 1670 sunt
3055 1595 3413 1675 informes
3455 1600 3674 1676 silicis

387 1738 673 1789 massae
726 1714 800 1788 in
853 1713 1088 1790 stratis
1141 1715 1675 1791 recentioribus
1716 1713 1952 1789 Calcis
1999 1722 2074 1788 et
2122 1713 2422 1789 vestitae
2477 1710 2696 1785 Calce
2751 1720 3104 1788 cretacea.

585 1844 858 1923 Forma
890 1849 1394 1953 glandularum
1447 1851 1520 1925 in
1573 1851 1808 1925 stratis
1840 1847 2405 1933 recentioribus,
2477 1848 2905 1946 praesertim
2934 1846 3007 1921 in
3041 1845 3260 1922 Calce
3291 1859 3651 1926 cretacea.

686 1986 874 2058 Gen.
923 1986 1044 2059 21.
1107 1986 1469 2071 Quat-zum
1513 2012 1926 2083 granos-um.
2599 1963 2605 1969 ⁸

593 2123 656 2192 1.
727 2119 1092 2204 Quat-zum
1139 2149 1546 2217 granosum.
1650 2121 2029 2212 Quarzum
2077 2137 2508 2217 granosum,
2564 2112 3050 2202 festucosum,
3106 2142 3440 2217 opacum,
3494 2120 3666 2193 soli·

379 2233 558 2307 dum
613 2245 686 2309 et
734 2231 1207 2324 scbistosum,
1263 2237 1466 2338 quod
1516 2262 1743 2340 grana
1804 2233 2121 2310 rotunda
2186 2226 2509 2307 continet
2589 2233 2878 2324 Quarzi.
2992 2235 3266 2309 Purum
3319 2235 3665 2310 albidum,

371 2352 699 2454 griseum
752 2353 887 2428 sed
936 2353 1157 2456 vulgo
1211 2353 1418 2430 lineis
1466 2355 1801 2429 immixto
1858 2345 2113 2426 Eurite
2162 2349 2423 2424 rubris,

578 2486 917 2561 Ultimum
970 2488 1384 2564 membrum
1437 2484 1889 2563 formationis
1950 2481 2313 2559 euriticae.
2428 2484 2505 2557 ln
2576 2479 2878 2584 Europa
2929 2507 3176 2559 rarum
3227 2499 3300 2559 et
3348 2465 3422 2559 in
3476 2482 3667 2585 frag-

375 2603 661 2690 mentis,
714 2602 775 2678 si
827 2606 1216 2705 exceperis
1282 2613 1571 2681 montes
1650 2601 1998 2678 niviferos
2063 2598 2374 2675 Sueciae
2454 2600 2547 2674 ab
2628 2600 2911 2676 oriente
2991 2598 3193 2678 lacus
3244 2601 3660 2691 Faemuud,

368 2718 497 2794 ubi
547 2720 691 2795 late
747 2732 1138 2798 extensum
1191 2734 1335 2811 est,
1392 2729 1470 2796 ut
1522 2717 1732 2796 etiam
1784 2720 1859 2796 in
1907 2717 2278 2794 montibus
2334 2717 2848 2794 CordillericiS.

569 2858 640 2930 2.
706 2858 1063 2943 Quat-zum
1111 2886 1499 2954 granosum
1576 2860 2181 2953 conglomeratum.-
2288 2855 2695 2945 Quanam,
2766 2851 2968 2954 quod
3033 2849 3252 2928 multa
3336 2853 3657 2928 continet

366 2973 649 3065 Quarzi
684 2998 941 3076 grana,
995 2976 1395 3068 fragmenta
1452 2983 1524 3049 et
1570 2973 1983 3074 crystallus,
2066 2970 2268 3073 quod
2320 2978 2702 3070 praeterea
2753 2969 3148 3071 agglutinat
3234 2971 3660 3073 conglome-

358 3099 519 3165 rata
568 3091 905 3192 angulata
954 3093 1071 3168 vel
1122 3092 1459 3168 frictione
1504 3092 1891 3168 rotundata
1939 3087 2343 3193 fragmenta
2374 3086 2648 3180 Quarzi
2674 3088 3005 3189 granosi,
3059 3087 3390 3181 Euritae‚
3472 3087 3650 3163 Saxi

365 3207 759 3310 argillacei.

667 3368 729 3417 a.
793 3344 1156 3429 Qum-zum
1240 3344 1537 3418 Wackae
1603 3354 1900 3440 griseae.
2007 3345 2426 3417 Granosum
2492 3337 2611 3412 vel
2694 3336 3012 3413 solidum
3097 3360 3263 3411 cum
3351 3336 3647 3410 inclusis

360 3459 790 3563 fragmentis
839 3460 1430 3563 conglomeratis

673 3595 744 3669 b.
808 3596 1172 3681 Quarzum
1215 3607 1663 3697 primitivum
1713 3595 2317 3692 conglomeratum.
2425 3582 2799 3663 Invenitur
2853 3586 2926 3661 in
3003 3584 3446 3661 formatione
3521 3611 3648 3660 an-

356 3714 769 3817 tiquissima
815 3713 976 3788 saxi
1030 3711 1369 3787 arenacei
1417 3712 1641 3787 rubri.

664 3873 726 3921 c.
796 3850 1014 3926 Weiss
1068 3850 1386 3945 liegende.
1500 3843 2145 3948 conglomeratum
2209 3841 2615 3931 Quanam,
2678 3857 2931 3935 parum
2984 3844 3368 3934 mutatum,
3441 3836 3645 3935 quod

344 3974 598 4066 partes
646 3964 989 4039 calcarias
1048 3964 1384 4039 continet.
1490 3961 1861 4038 Invenitur
1907 3960 1983 4033 in
2035 3956 2502 4042 formatione,
2584 3979 2773 4054 quae
2852 3956 3076 4028 Rothe
3125 3956 3275 4029 todt
3343 3956 3646 4050 liegende

353 4083 659 4170 dicitur,
718 4096 791 4157 et
840 4081 1091 4157 transit
1134 4081 1211 4156 in
1267 4088 1704 4182 sequentem
1760 4075 2103 4178 speciem.

568 4217 636 4290 3.
697 4218 1055 4303 Quat-zum
1105 4217 1530 4291 schistosum.
1632 4211 1896 4307 Massa,
1953 4205 2507 4285 fundamentalis
2584 4213 2696 4279 est
2775 4207 3149 4297 Quarzum
3206 4228 3634 4306 granosum‚

350 4334 519 4434 plus
571 4334 905 4409 minusve
950 4342 1362 4433 separatum
1415 4330 1609 4405 Mica
1656 4329 1855 4415 alba,
1913 4337 1990 4403 ut
2036 4327 2127 4401 sit
2172 4335 2463 4400 textura
2512 4321 2885 4397 schistosa.

654 4504 842 4576 Gen·
894 4501 1014 4573 22.
1069 4501 1346 4574 Saxum
1393 4526 1835 4571 arenaceum.

550 4656 614 4725 1.
664 4653 942 4727 Saxum
999 4679 1409 4726 arenae-eum
1455 4677 1863 4746 granosum.
1972 4646 2253 4720 Saxum
2299 4667 2741 4719 arenaceum
2794 4636 3068 4732 Quarzi
3097 4637 3633 4742 minutimgra-

331 4794 637 4855 nusum,
691 4769 847 4844 fere
900 4767 1250 4852 solidum,
1306 4790 1701 4867 numquam
1755 4765 1831 4840 in
1880 4764 2259 4864 crystallis,
2367 4760 2677 4847 Album,
2729 4756 3084 4859 griseum,
3142 4757 3440 4844 flavum,
3494 4759 3632 4834 sibi

330 4887 691 4963 dissimile
735 4887 807 4961 in
862 4885 1096 4959 stratis
1151 4882 1491 4959 diversis.
1598 4883 1803 4958 Folia
1856 4907 2080 4983 parva
2130 4880 2365 4955 Micae
2416 4879 2492 4953 in
2549 4902 2644 4952 eo
2699 4883 2867 4950 sunt
2921 4874 3271 4974 dispersa.

642 5047 704 5096 a.
768 5023 1045 5096 Samum
1121 5048 1533 5094 arenae-eum
1617 5029 2074 5093 transitionis.
2185 5018 2639 5100 Granosum,
2726 5006 3028 5111 Margae
3098 5034 3392 5109 expers,
3496 5010 3631 5085 Al-

323 5139 549 5225 bum,
606 5138 1079 5225 ochraceum‚
1136 5137 1405 5236 sparsis
1457 5135 1647 5212 foliis
1701 5134 1959 5210 Micae.
2068 5133 2422 5229 (Pertinet
2474 5131 2569 5205 ad
2647 5136 2974 5230 systema
3066 5125 3454 5210 Siluricum
3522 5130 3630 5201 in-

326 5256 616 5358 serius).
