4984 6517
1357 562 1545 648 300

1550 773 1619 848 b.
1676 774 1953 848 Saxum
1980 800 2395 846 arenae-eum
2425 781 2865 847 transitionis
2899 774 3245 870 Margum
3274 775 3558 872 ferens.
3666 773 4012 849 Continet
4051 781 4295 875 partes
4333 772 4526 850 Mar-

1250 917 1389 995 gae
1418 901 1490 967 et
1514 890 1783 976 Micae,
1839 890 2033 965 unde
2089 888 2401 964 mollior.
2456 888 2816 987 (Primum
2869 898 3172 990 apparet
3211 890 3286 964 in
3312 897 3713 991 systemate
3744 890 4057 966 Silurico
4083 891 4526 992 superiore).

1560 1051 1620 1099 e.
1678 1026 1957 1100 Saxum
2007 1052 2421 1098 armaceum
2474 1052 2894 1124 quarzosum
2942 1027 3493 1126 K‘euperianum.
3599 1023 3878 1124 Album
3925 1032 4001 1101 et
4039 1051 4303 1126 purum
4333 1031 4530 1125 ejus-

1254 1145 1424 1220 dem
1479 1141 2031 1243 compositionis
2085 1165 2171 1215 ac
2200 1140 2512 1215 varietas
2566 1140 2815 1240 prima,
2864 1140 3000 1216 sed
3031 1142 3261 1244 magis
3287 1165 3645 1241 porosum
3670 1149 3782 1216 est
3823 1149 3896 1216 et
3918 1143 4239 1218 continet
4266 1169 4526 1245 parvas

1259 1262 1533 1355 Quarzi
1588 1258 2004 1360 crystallos,
2060 1283 2287 1360 quare
2341 1257 2562 1333 affine
2615 1266 2726 1333 est
2778 1259 2985 1333 Saxo
3037 1283 3403 1335 arenaceo
3436 1258 3511 1334 in
3556 1257 3935 1359 crystallis.
4041 1260 4400 1359 (Pertinet
4441 1263 4531 1337 ad

1256 1378 1765 1453 formationem
1820 1376 2284 1476 superiorem
2343 1375 2948 1478 Keuperianam).

1513 1589 1533 1610 ³
1562 1512 1630 1587 d.
1683 1512 1959 1586 Saxum
2018 1538 2430 1584 arenae-eum
2481 1509 3004 1608 carbonfferum
3064 1512 3372 1585 Triadis.
3476 1507 3755 1582 Saxum
3826 1534 4304 1609 quarzosum,
4397 1513 4534 1586 mi·

1260 1631 1488 1705 nutim
1542 1652 1970 1729 granosum,
2031 1627 2148 1700 cui
2200 1627 2525 1702 admixta
2581 1637 2748 1703 sunt
2796 1652 3023 1724 grana
3069 1625 3343 1720 Quarzi
3410 1624 3743 1700 rotunda.
3849 1628 4320 1730 Variegatum
4388 1655 4536 1704 ma·

1263 1747 1477 1833 culiS,
1533 1745 1719 1820 soliis
1773 1752 1845 1818 et
1890 1742 2097 1818 lineis
2151 1744 2475 1846 Argillae
2527 1742 2966 1833 schistosae,
3023 1744 3295 1822 fuscae.
3398 1742 3624 1818 Molle
3675 1753 3750 1818 et
3794 1742 4105 1833 friabile,
4171 1746 4527 1849 griseum,

1263 1866 1528 1939 flavum
1586 1861 1705 1936 vel
1756 1859 2081 1935 rubrum.

1465 1998 1533 2069 2.
1589 1998 1867 2069 Samum
1919 2024 2333 2069 arenaceum
2389 2007 2465 2069 in
2518 1996 2897 2094 crystallis.
3011 1995 3311 2070 Constat
3359 1993 3517 2068 fere
3574 1991 3848 2085 Quarzi
3894 1994 4252 2093 crystallis
4277 1997 4534 2096 parvis,

1264 2138 1453 2215 quae
1504 2113 1972 2188 solummodo
2026 2112 2519 2213 microscopio
2573 2112 2891 2187 discerni
2957 2119 3291 2212 possunt,
3368 2111 3558 2190 inter
3620 2135 3704 2187 se
3779 2110 4153 2188 inuncatis.
4253 2112 4533 2189 Saxum

1264 2231 1582 2331 paullum
1638 2254 2029 2330 porosum,
2085 2230 2410 2332 griseum
2462 2230 2583 2305 vel
2636 2228 2904 2305 album.

1564 2391 1626 2438 a.
1678 2365 1955 2438 Saxum
1982 2393 2393 2438 are-naccum
2420 2362 2940 2462 carbwfferum
2978 2376 3555 2467 antiquissimum.
3643 2362 3923 2437 Parvae
3949 2364 4271 2463 crystalli
4303 2368 4536 2459 Quar-

1271 2484 1338 2558 zi
1391 2495 1465 2558 et
1555 2506 1782 2583 grana
1851 2481 2181 2570 Euritae,
2252 2504 2477 2584 saepe
2551 2480 2913 2560 Andesini
2996 2482 3270 2586 dilapsi.
3381 2483 3722 2555 Continet
3793 2480 4157 2558 interdum
4236 2509 4548 2586 corpora

1271 2599 1833 2703 conglomerata.

1572 2733 1642 2808 b.
1695 2735 1973 2808 Saaeum
2026 2761 2436 2807 armaceum
2493 2735 2939 2833 quadratum.
3044 2728 3858 2834 (Quader·Sandstein).
3960 2737 4209 2810 Grana
4242 2739 4541 2836 crystal-

1269 2853 1413 2928 lina
1467 2852 1654 2926 inter
1701 2876 1779 2926 se
1832 2849 2193 2950 aequalia,
2248 2875 2494 2924 crassa
2542 2850 2660 2924 vel
2711 2849 2984 2935 tenuia,
3041 2849 3306 2949 quibus
3351 2847 3722 2924 admixtae
3785 2860 3956 2925 sunt
4027 2853 4337 2954 glandes
4401 2857 4584 2942 ΑΡ,

1269 2970 1504 3072 gillae.
1610 2970 1786 3044 Fert
1830 2992 2054 3066 saepe
2107 2992 2426 3067 corpora
2497 2966 3062 3069 conglomerata.
3174 2966 3519 3047 Griseum
3575 2970 3695 3045 vel
3773 2967 4253 3058 ochraceum,
4322 2972 4542 3047 molle

1273 3090 1347 3165 in
1395 3096 1679 3174 monte,
1731 3083 2135 3161 indurescit
2181 3085 2257 3165 in
2305 3092 2499 3164 aere.

1476 3224 1542 3297 3.
1602 3223 1847 3295 Arena
1895 3221 2161 3294 viridis.
2268 3220 2521 3292 Grana
2574 3217 2847 3309 Qum-zi
2916 3243 3309 3311 arenacea,
3397 3226 3713 3302 rotunda
3763 3224 3881 3312 vel
3962 3221 4299 3323 angulata
4380 3246 4543 3296 cum

1273 3339 1695 3441 fragmentis
1748 3336 2021 3429 Quarzi
2075 3346 2150 3410 et
2202 3335 2469 3422 Calcis,
2528 3334 2964 3437 agglutinata
3020 3337 3239 3413 Calce
3292 3353 3628 3418 cretacea
3662 3343 3806 3428 ita,
3865 3350 3941 3415 ut
3966 3339 4138 3436 inde
4165 3338 4256 3414 sit
4278 3337 4546 3412 factum

1276 3459 1555 3532 Saxum
1609 3478 2046 3531 arenaceum
2102 3462 2597 3552 compactum,
2652 3453 3019 3528 interdum
3064 3465 3306 3534 tamen
3369 3459 3686 3551 friabile,
3764 3457 3969 3560 quod
4017 3457 4344 3531 continet
4416 3458 4552 3531 Pe·

1276 3574 1621 3654 traefacta
1673 3582 1747 3655 et
1797 3596 2023 3673 grana
2062 3595 2284 3670 parva
2333 3572 2614 3645 Terrae
2664 3570 2936 3646 viridis.

1580 3734 1642 3782 a.
1701 3709 1981 3781 Saxum
2029 3734 2441 3779 arenaceum
2493 3708 2732 3778 viride.
2843 3706 3353 3806 Compactum,
3414 3709 3571 3785 fere
3639 3733 4074 3813 granosum‚
4151 3706 4556 3782 versicolor

1282 3826 1380 3900 ob
1430 3829 1675 3926 gluten
1731 3823 1970 3900 calcis.
2079 3822 2369 3905 Griseo·
2386 3821 2653 3909 viride,
2729 3820 3048 3903 albidum
3101 3835 3224 3902 aut
3277 3824 3745 3903 ochraceum.
3851 3827 4333 3901 Intertextum
4391 3850 4554 3927 gra-

1282 3943 1394 4020 nis
1443 3944 1721 4018 Terrae
1775 3939 2044 4015 viridis,

1589 4074 1660 4151 b.
1714 4076 1987 4150 Saxum
2036 4102 2449 4147 arenaceum
2528 4073 3073 4173 Carpathorum.
3179 4076 3433 4152 Arena
3511 4074 3762 4154 viridis
3845 4074 4287 4176 agglutinata
4340 4075 4553 4150 Calce

1284 4192 1400 4267 vel
1446 4191 1688 4291 potius
1748 4191 2046 4292 Argilla.
2155 4192 2486 4265 Textura
2536 4213 2855 4291 granosa
2905 4191 3022 4266 vel
3071 4217 3317 4267 crasse
3369 4190 3758 4279 schistosa,
3805 4191 4103 4293 quando
4156 4192 4423 4268 adsunt
4451 4193 4554 4267 fo·

1285 4309 1379 4385 lia
1430 4309 1668 4385 Micae
1726 4320 1930 4385 certo
1989 4308 2215 4382 modo
2270 4306 2636 4406 disposita.

1591 4470 1651 4519 c.
1712 4446 2083 4517 Molassus.
2191 4439 2598 4540 Praecipue
2649 4442 2900 4517 Arena
2938 4440 3218 4528 viridis,
3273 4468 3461 4549 quae
3491 4467 3741 4547 marga
3770 4443 4271 4547 agglutinatur.
4380 4442 4562 4519 Mol-

1286 4561 1373 4637 lis
1420 4574 1492 4636 et
1544 4560 1894 4640 dilabens.
2705 4575 2718 4586 ‘

1598 4698 1789 4769 Gen.
1852 4694 1971 4767 23.
2036 4692 2391 4777 Quarzum
2451 4694 2829 4794 tophos-um.

1497 4833 1558 4902 1.
1630 4830 1992 4915 Qum-zum
2044 4855 2267 4926 aquae
2319 4829 2605 4901 salinae.
2711 4827 2927 4901 Silica
2979 4827 3052 4901 in
3092 4852 3282 4932 aqua
3299 4827 3526 4903 salina
3553 4826 3889 4928 deposita
3933 4828 4059 4916 ita,
4104 4835 4182 4903 ut
4210 4828 4302 4903 sit
4332 4830 4558 4919 Quar-

1294 4971 1460 5023 zum
1516 4946 1584 5019 in
1643 4943 2034 5044 crystalliS,
2088 4967 2349 5042 purum
2405 4953 2476 5019 et
2530 4953 3015 5045 transparens.
3110 4943 3355 5021 Massa
3428 4945 3868 5047 agglutinata
3921 4954 4199 5021 constat
4249 4970 4474 5046 saepe
4525 4968 4563 5016 e

1293 5062 1539 5168 granis
1591 5060 1944 5165 angulatis
1996 5058 2394 5160 pellucidis.

1596 5205 1657 5253 a.
1716 5181 1961 5254 Arena
2010 5207 2233 5279 aquae
2276 5180 2563 5256 salinae.
2672 5177 2929 5275 (Sable
2974 5178 3070 5255 de
3119 5180 3185 5256 F
3191 5178 3763 5279 ontainebleau).

1589 5313 1659 5391 b.
1729 5315 2085 5401 Quarzum
2136 5342 2357 5418 aquae
2402 5314 2687 5388 salinae.
2794 5314 3026 5410 (Gres
3077 5312 3174 5389 de
3225 5310 3852 5412 Fontainebleau).
