4984 6517
491 1710 567 1831 N
564 1708 1025 1833 OVARUM
1085 1711 1833 1835 SYMIBOLARUM
1897 1712 2845 1837 MYCOLOGICARUM
2910 1714 3497 1863 MANTISSA,

1811 1992 2178 2048 Λυσι-οη

1687 2121 1783 2189 Β.
1848 2121 2277 2193 rmus-

402 2321 747 2438 Absoluta
819 2361 895 2431 et
961 2357 1160 2459 typis
1232 2361 1388 2458 jam
1461 2361 1830 2462 exscripta
1879 2361 2127 2464 priore
2209 2358 2713 2437 dissertatione
2730 2419 2748 2450 ,
2806 2383 2851 2435 e
2895 2355 3219 2433 Musaeis
3290 2354 3603 2457 propriis

403 2481 462 2549 et
501 2470 1021 2551 Hafniensibus
1084 2502 1353 2554 novam
1430 2476 1825 2584 fungorum
1890 2504 2211 2557 messem
2263 2478 2681 2558 obtulerunt
2729 2475 2866 2553 viri
2935 2473 3348 2551 amicissimi
3397 2474 3601 2550 Lieb-

399 2621 579 2667 mann
627 2598 702 2668 et
760 2581 1027 2683 O'rsted,
1078 2595 1338 2697 partim
1383 2596 1462 2672 in
1509 2597 1858 2674 America
1909 2597 2371 2675 continentali
2412 2623 2458 2673 a
2506 2622 2589 2674 se
2638 2595 2835 2698 ipsis,
2920 2593 3179 2697 partim
3250 2592 3329 2669 in
3369 2592 3605 2670 insula

404 2710 489 2785 S:t
529 2706 863 2787 Thomae
912 2736 959 2787 a
1006 2713 1236 2791 Krebs
1288 2715 1689 2804 collectam,
1744 2714 2007 2793 additis
2059 2715 2493 2819 quibusdam
2545 2741 2589 2792 e
2641 2713 2931 2790 Guinea
2975 2711 3377 2814 reportatis,
3444 2710 3601 2787 Me·

406 2826 522 2903 lior
565 2850 734 2929 pars
794 2826 891 2904 ad
931 2832 1220 2932 species
1268 2838 1424 2934 Jam
1470 2834 1867 2911 recensitas
1917 2835 2245 2936 pertinet,
2319 2832 2715 2935 praecipue
2767 2856 2869 2908 ex
2892 2831 3023 2932 jis,
3107 2829 3232 2933 qui
3306 2854 3407 2905 ex
3464 2830 3598 2906 ins.

405 2945 490 3022 S:t
535 2944 866 3023 Thomae
916 2960 1327 3051 reportatae
1378 2961 1563 3042 sunt,
1614 2980 1683 3028 v.
1715 2979 1778 3030 c.
1808 2954 2112 3029 Hiatula
2164 2957 2483 3040 discreta,
2536 2953 2629 3026 H.
2683 2954 3009 3036 Benzoni,
3065 2950 3427 3047 Agamus
3450 2951 3603 3024 An·
3728 3045 3737 3055 .

403 3067 700 3152 finarum,
758 3065 1055 3169 Coptini
1102 3089 1227 3146 etc.
1344 3071 1681 3149 Clatlaerus
1730 3074 2150 3148 cancellatus
2198 3071 2274 3147 in
2326 3070 2561 3149 insula
2610 3068 2821 3145 citata
2875 3066 3191 3172 vulgaris
3242 3076 3315 3144 et
3365 3066 3603 3144 diver·

402 3207 504 3258 sus
546 3208 588 3259 a
630 3186 717 3260 L.
767 3202 1076 3284 guttato.
1203 3189 1402 3266 Inter
1478 3189 2089 3267 Liebmannianos
2168 3188 2528 3267 accedunt
2603 3186 2699 3264 ad
2774 3187 3069 3264 Floram
3145 3185 3605 3263 Mexicanam

404 3304 798 3402 Polystictus
843 3301 1254 3382 barbatulus
1305 3311 1560 3409 (supra
1616 3333 1687 3410 p.
1743 3307 1877 3411 71)
1923 3317 1998 3385 et
2038 3312 2124 3384 P.
2148 3321 2485 3412 pins-itus.
2540 3305 2682 3408 (El.
2712 3333 2781 3408 p.
2810 3306 3016 3407 479.)
3077 3305 3296 3383 Corae
3315 3318 3607 3384 seriem

404 3419 632 3496 adsunt
696 3419 1103 3523 specimina
1173 3424 1661 3526 pulcherrima
1740 3424 2136 3504 fructifera!
2238 3427 2361 3503 Ex
2420 3424 2654 3502 insula
2722 3426 2826 3502 S:t
2889 3425 3142 3500 Crucis
3189 3449 3414 3526 porro
3490 3449 3606 3500 re·

402 3541 678 3641 portavit
728 3544 1210 3617 Marasmium
1265 3548 1617 3636 Oreadem
1679 3545 2061 3649 Caprinum
2097 3549 2490 3650 plicatilem
2557 3553 2631 3619 et
2688 3544 3159 3645 Schizoplaeylli
3233 3557 3604 3619 communis

400 3683 528 3733 var.
575 3659 1083 3761 resupinatam,
1151 3662 2045 3765 orbiculari-applanatam.
2150 3665 2216 3739 E
2278 3662 2585 3750 Guinea,
2669 3663 2878 3760 quus
2954 3659 3156 3763 fungi
3231 3687 3278 3737 a
3341 3661 3608 3739 nostris

401 3773 690 3853 maxime
739 3776 1103 3854 recedere
1156 3780 1427 3870 solent,
1478 3780 1687 3858 adest
1732 3782 2095 3886 Agaricus
2112 3841 2130 3868 ,
2182 3781 2482 3885 singulis
2532 3778 2725 3855 notis
2777 3779 2850 3853 in
2929 3783 3021 3855 A.
3103 3778 3608 3880 umbellgferum

400 3895 755 3996 quadrans.
862 3896 1073 3973 Haec
1123 3899 1335 3980 statio
1389 3925 1484 3976 eo
1539 3901 1770 4004 magis
1821 3898 2335 3988 memorabilis,
2389 3925 2557 3975 cum
2609 3896 2793 3973 haec
2843 3896 3129 3998 species
3185 3901 3258 3972 in
3307 3898 3610 3999 Europa

396 4009 653 4089 boreali
697 4016 1098 4117 praecipue
1145 4015 1480 4094 luxuriat.
1583 4018 1872 4096 Omnia'
1892 4017 2293 4122 specimina
2339 4015 2415 4093 in
2461 4015 2715 4119 spiritu
2766 4014 2940 4091 Vini
2984 4014 3256 4116 optime
3311 4040 3609 4092 conser.

397 4137 542 4206 vata
580 4141 786 4208 erant
833 4133 1201 4233 (Hiatulae
1250 4136 1624 4240 utriusque
1669 4136 2227 4239 speciosissima,
2295 4143 2509 4211 antea
2585 4132 2962 4235 descriptis
3032 4132 3254 4238 longe
3328 4135 3612 4234 majora

402 4254 465 4322 et
506 4248 954 4356 insigniora),
1004 4251 1142 4328 sed
1186 4277 1283 4329 eo
1335 4253 1501 4356 ipso
1555 4253 1650 4331 de
1702 4255 2074 4332 coloribus
2117 4253 2375 4330 nativis
2407 4278 2632 4354 saepe
2680 4251 2883 4328 dubii
2932 4275 3204 4327 sumus.
3313 4253 3479 4345 Qua
3513 4250 3609 4328 de

400 4388 635 4444 caussa
686 4369 1072 4447 omisimus
1147 4371 1436 4472 species
1488 4371 1843 4476 quasdam
1903 4381 2014 4451 sat
2058 4373 2402 4478 insignes,
2475 4371 2613 4448 sed
2667 4370 2859 4448 notis
2941 4367 3496 4447 evidentissimis
3565 4395 3611 4446 a

397 4484 532 4579 jam
579 4484 962 4590 descriptis
1005 4487 1204 4564 haud
1258 4488 1821 4594 distinguendas,
1872 4518 1939 4569 v.
1989 4518 2049 4569 c.
2106 4495 2483 4568 Lentinum
2538 4502 2967 4575 acerrimum,
3031 4486 3228 4589 pileo
3295 4486 3609 4563 infundi-

403 4597 744 4682 buliformi
803 4606 1034 4683 dense
1087 4615 1358 4695 setoso,
1411 4607 1648 4709 stipite
1698 4607 1907 4700 hirto,
1959 4609 2169 4687 facile
2223 4617 2447 4685 status
2499 4610 2587 4682 L.
2640 4609 2981 4683 Lecomtei
3031 4632 3075 4682 e
3126 4604 3445 4694 Mexico,
3501 4607 3609 4681 A·

403 4719 698 4816 garicum
750 4728 846 4801 A.
897 4728 1158 4801 leonino
1232 4725 1687 4817 simillimum,
1775 4727 1970 4830 pileo
2042 4726 2237 4830 gilvo
2255 4781 2272 4811 ‚
2339 4725 2580 4829 sporis
2630 4750 2811 4801 vero
2884 4724 3169 4828 ignotiS,
3249 4749 3292 4801 e
3341 4723 3474 4801 ins.
3532 4723 3603 4801 S.

407 4833 729 4926 Thomae,
773 4867 839 4918 e.
899 4869 1005 4945 sp.
1111 4844 1249 4920 His
1299 4842 1537 4920 missis
1600 4854 1870 4922 restant
1947 4854 2339 4949 sequentes
2416 4842 2728 4932 nobiles,
2807 4843 3104 4918 omnino
3183 4866 3420 4919 novae
3490 4840 3609 4916 vel

405 4956 616 5034 minus
666 4961 1025 5064 cognitae.

414 5105 466 5178 1.
582 5108 990 5186 Acmcus
1043 5104 1524 5213 (Nauconu)
1579 5131 2028 5198 Paruulus,
2081 5109 2276 5212 pileo
2330 5134 2642 5186 carnoso
2693 5109 2911 5211 plano
2994 5107 3260 5185 obtuso
3346 5104 3610 5193 albido,

584 5226 867 5330 papulis
911 5226 1172 5303 innatis
1222 5224 1497 5331 stipatis
1544 5227 2094 5330 persistentibus
2146 5227 2665 5306 concoloribus
2709 5236 3080 5337 asperato,
3124 5224 3359 5328 stipite
3411 5224 3614 5300 fistu-

3417 5361 3516 5433 29
