4984 6517
3438 543 3618 629 303

665 751 736 822 2.
795 750 1325 849 Hypersthenus
1367 753 1684 826 scalaris.
1792 747 2299 851 (Hypersthen
2366 750 2670 851 Trapp).
2778 751 3190 840 Labrador,
3266 753 3727 854 Hypersthe-

461 889 600 1056 gaus
614 865 1445 1080 'cfyzrtzffiafimimm’
1501 867 1829 944 Olivinus
1883 879 1956 943 et
2027 869 2355 969 Apatites
2431 867 2692 956 mixta,
2760 869 2859 946 ita
2907 878 2983 948 ut
3031 869 3123 945 sit
3167 895 3404 948 massa
3460 896 3728 975 grano-

669 1114 997 1193 Minores
1052 1115 1421 1193 constituit
1468 1117 1946 1194 formationes
1984 1116 2060 1191 in
2095 1116 2424 1216 pluribus
2452 1115 2636 1191 locis
2665 1117 2976 1196 Sueciae
3018 1119 3340 1207 mediae;
3391 1120 3727 1220 pulcher-

462 1231 692 1307 rimus
748 1232 824 1306 in
874 1233 1160 1308 Elfdaln
1205 1258 1426 1334 supra
1477 1234 1988 1312 formationem
2043 1232 2416 1310 euriticam
2467 1242 2541 1310 et
2586 1234 2682 1310 ad
2728 1234 3010 1312 Fahlun
3072 1261 3293 1336 supra
3351 1237 3726 1314 formatio-

463 1372 633 1423 nem
686 1348 1224 1448 pilbolithicam.

668 1486 738 1558 3.
803 1487 1160 1559 Dolerites.
1267 1482 1510 1558 Massa
1552 1483 2108 1560 fundamentalis
2147 1482 2553 1569 Labrador,
2594 1483 3005 1558 sedimento
3036 1482 3445 1570 consimile,
3485 1493 3724 1561 tamen

465 1598 995 1697 crystallinum,
1048 1599 1524 1676 minutissime
1578 1626 1977 1697 granosum
2027 1610 2101 1676 et
2149 1601 2461 1702 Angites
2511 1600 2760 1676 viridis
2810 1596 2929 1674 vel
2957 1600 3196 1700 niger,
3226 1598 3473 1674 intime
3524 1626 3727 1676 com—

469 1715 696 1789 mixta
723 1741 888 1790 cum
931 1717 1208 1791 minera
1235 1717 1547 1818 quadam
1577 1717 2002 1805 Zeolithica,
2058 1718 2134 1792 id
2158 1717 2359 1818 quod
2389 1726 2720 1817 apparet,
2778 1716 3073 1817 quando
3100 1724 3441 1792 tractatur
3463 1742 3726 1796 saxum

468 1832 682 1905 acido
737 1831 1313 1933 hydrochlorico
1362 1833 1632 1914 calido,
1710 1835 2068 1936 siquidem
2142 1835 2341 1909 silica
2405 1834 2484 1908 fit
2535 1833 2958 1935 gelatinosa.
3064 1832 3375 1908 Colores
3431 1834 3720 1909 virides,

465 1949 545 2022 In
598 1974 840 2025 massa
888 1950 1406 2026 fundamentali
1457 1961 1851 2026 occurrunt
1906 1951 2225 2052 crystalli
2282 1975 2581 2051 sparsae
2633 1950 2967 2052 Augitae.

771 2108 831 2156 a.
886 2088 1237 2161 Basaltes.
1346 2084 1589 2159 Massa
1641 2084 2191 2160 fundamentalis
2239 2083 2642 2168 DoleriteS‚
2726 2086 2937 2180 cujus
2984 2107 3210 2183 grana
3273 2081 3510 2156 solum
3592 2083 3727 2157 mi-

472 2200 863 2299 croscopio
924 2201 1239 2277 discerni
1294 2210 1629 2302 possunt,
1682 2202 1926 2303 itaque
1979 2203 2135 2277 fere
2197 2211 2456 2276 terrea.
2561 2199 2786 2301 Niger
2851 2198 2924 2272 in
2961 2254 2969 2262 .
3001 2198 3320 2272 caesium
3397 2198 3514 2272 vel
3584 2199 3727 2300 gri-

467 2340 677 2389 seum
732 2342 1065 2418 vergens,
1174 2320 1522 2394 Fractura
1559 2319 1983 2418 imperfecte
2038 2315 2653 2402 conchaeformis‚
2717 2315 2873 2389 fere
2924 2313 3324 2415 inaequalis
3372 2324 3495 2390 aut
3518 2315 3732 2415 plana

470 2441 591 2505 aut
660 2432 1057 2521 festucosa‚
1137 2459 1386 2535 parum
1466 2437 1719 2511 nitens,
1830 2439 1910 2510 In
1993 2461 2234 2510 massa
2303 2432 2818 2509 fundamentali
2889 2432 3153 2507 adsunt
3235 2456 3486 2530 sparsa
3561 2432 3732 2506 folia

481 2547 719 2623 Micae
772 2549 1247 2653 hexagonalis
1297 2552 1550 2655 nigrae
1599 2553 1917 2640 nitentiS,
1996 2577 2204 2627 rarae
2264 2551 2583 2652 Augitae
2660 2549 2980 2648 crystalli
3062 2558 3135 2623 et
3214 2548 3274 2621 F
3279 2546 3729 2648 eldspathum

464 2683 794 2741 vitreum.

766 2800 838 2875 b.
883 2804 1234 2876 Dolerites
1278 2804 1816 2901 amygdaloides.
1923 2800 2294 2876 Dolerites
2359 2799 2478 2874 vel
2555 2796 2887 2873 Basaltes
2963 2796 3284 2872 utriculis
3364 2798 3726 2885 rotundis,

471 2916 836 2991 interdum
890 2918 987 2993 ita
1039 2918 1416 3005 consertis,
1469 2927 1547 2994 ut
1596 2943 1859 2993 saxum
1907 2918 2240 2993 videatur
2288 2916 2789 3018 spongiosum.
2895 2914 3069 2988 Pori
3117 2924 3285 2990 sunt
3334 2913 3446 2991 vel
3497 2915 3727 3002 vacui,

468 3037 636 3109 tecti
692 3036 1055 3110 Stalactite
1111 3033 1506 3122 ochraeen,
1556 3033 1729 3108 limo
1784 3033 2031 3122 calcis,
2089 3031 2679 3107 Chalcedonibus
2724 3039 2881 3117 etc„
2937 3030 3057 3105 vel
3120 3031 3377 3131 repleti
3429 3031 3727 3119 Stilbite,

469 3150 908 3254 Mesotyp0,
988 3155 1510 3244 HarmotomO,
1580 3150 1979 3238 ChabasiO,
2061 3149 2336 3252 Spatho
2413 3148 2758 3235 calcari0,
2847 3150 3146 3244 Quarzo
3219 3147 3586 3249 pellucido
3655 3151 3729 3228 in

468 3269 827 3368 crystallis
882 3282 1035 3356 etc„
1079 3270 1197 3345 vel
1250 3268 1623 3344 continent
1680 3293 1963 3369 aquam.

775 3429 835 3478 c.
891 3406 1222 3479 Basaltes
1269 3416 1533 3477 scoriae
1569 3406 1836 3477 similis.
1943 3400 2186 3476 Massa
2237 3396 2792 3476 fundamentalis
2834 3396 3099 3483 solida,
3147 3397 3304 3470 fere
3345 3396 3599 3483 vitrea,
3654 3397 3729 3471 in

475 3543 622 3619 qua
645 3520 970 3594 Basaltes
1018 3518 1405 3622 tophosuS‚
1461 3544 1779 3617 porosus
1829 3526 1902 3593 et
1952 3518 2413 3620 spongiosus.
2521 3513 2696 3589 Pori
2748 3513 3005 3613 repleti
3055 3520 3222 3587 sunt
3269 3512 3507 3612 parvis
3559 3538 3727 3614 cry-

469 3634 692 3710 stallis
743 3637 1122 3736 pellucidis
1184 3637 1621 3710 minerarum
1688 3633 2266 3709 Zeolithicarum.
2371 3631 2600 3706 Color
2652 3629 2931 3714 viridis,
2999 3628 3246 3703 fuscus
3309 3628 3426 3703 vel
3487 3629 3724 3730 niger,

468 3749 836 3827 interdum
890 3753 1306 3827 maculatus,
1410 3751 1554 3825 Vel
1612 3763 1994 3851 compacta
2043 3750 2158 3825 vel
2212 3739 2449 3824 mollis
2499 3756 2571 3822 et
2613 3745 2926 3821 friabilis,

775 3887 842 3960 d.
896 3890 1226 3961 Basaltes
1276 3889 1843 3982 conglomeratus.
1948 3886 2385 3985 Fragmenta
2431 3879 2767 3982 angulata
2801 3882 2916 3953 vel
2968 3876 3412 3952 volutatione
3482 3884 3730 3950 rotun-

471 4001 638 4076 data
685 4012 759 4077 et
818 4002 1064 4104 glarea
1111 4027 1462 4076 saxorum
1517 4001 1952 4103 agglutinata
1999 4000 2237 4074 vicino
2281 3998 2568 4073 Basalte
2623 3996 2904 4095 dilapso
2972 4004 3045 4068 et
3116 3992 3511 4068 carbonate
3589 3992 3731 4068 cal·

472 4118 668 4204 eico,
728 4118 929 4219 quod
979 4144 1283 4193 massam
1336 4118 1753 4217 penetravit.

681 4251 923 4352 Vulgo
977 4252 1348 4328 Dolerites
1391 4261 1502 4326 est
1546 4251 1824 4352 positus
1874 4274 2095 4349 supra
2151 4256 2440 4322 montes
2497 4245 3097 4320 sedimentorum.
3197 4241 3275 4312 In
3321 4238 3585 4312 Suecia
3609 4263 3731 4311 so-

467 4365 622 4440 lum
681 4368 999 4443 occurrit
1046 4370 1121 4443 in
1183 4368 1464 4443 Scania.
1567 4369 1898 4442 Bas-altos
1951 4380 2061 4441 est
2110 4363 2410 4465 insignis
2454 4363 2530 4437 in
2576 4360 2827 4437 insulis
2887 4354 3298 4435 Orcadibus
3363 4356 3728 4455 (Orkney),

468 4482 782 4558 lslandia
838 4494 973 4558 etc.

671 4619 740 4691 4.
812 4620 1090 4692 Wacka.
1198 4614 1441 4692 Massa
1492 4614 2047 4692 fundamentalis
2098 4613 2347 4714 specie
2408 4608 2903 4710 homogenea‚
2968 4603 3125 4677 fere
3184 4615 3454 4687 terrea,
3535 4599 3731 4675 sedi-

470 4734 694 4808 menti
746 4733 1127 4832 cujusdam
1185 4733 1412 4808 modo
1467 4732 1829 4820 conferta,
1881 4739 2075 4807 tactu
2117 4728 2385 4815 molliS,
2450 4727 2764 4801 fractura
2833 4717 3410 4803 conchaeformi,
3477 4716 3730 4790 nitoris

471 4859 804 4951 experte.
913 4848 1223 4924 Colores
1276 4849 1575 4936 virideS‚
1641 4849 1861 4924 caesii
1910 4847 2031 4923 vel
2078 4845 2282 4921 fusci.
2393 4844 2634 4944 Saepe
2687 4836 3090 4916 utricularis
3112 4891 3128 4918 ‚
3178 4833 3544 4908 interdum
3572 4831 3729 4907 fere
3794 4855 3801 4865 ·

469 4966 890 5069 spongiosa.
1002 4966 1296 5040 Adsunt
1337 4966 1512 5042 folia
1559 4965 1794 5040 Micae
1851 4964 2100 5065 nigrae
2153 4960 2634 5061 hexagonalis
2690 4965 2763 5033 et
2817 4978 3070 5054 sparsa
3130 4975 3358 5055 grana
3431 4949 3734 5051 crystal-

470 5083 615 5171 lina
665 5082 1001 5184 Augitae,

676 5200 1000 5274 Pertinet
1047 5197 1142 5274 ad
1190 5196 1701 5272 formationem
1753 5193 2193 5270 basalticam.
