4984 6517
3436 498 3607 584 301

767 728 828 777 c.
878 707 1158 780 Saxum
1208 732 1621 779 armaceum
1673 716 2107 780 maritimum
2136 717 2697 802 recentissimum.
2806 709 3036 807 (Gres
3060 708 3294 783 marin
3320 707 3725 808 superieur,

463 844 560 895 ex
607 826 863 919 parte).

660 954 727 1025 2.
787 954 1141 1037 Quat-zum
1193 981 1417 1053 aquae
1466 955 1708 1027 dulcis.
1819 955 2195 1044 Quarzum
2246 954 2576 1029 minutim
2639 980 3071 1057 granosum,
3155 957 3311 1034 fere
3373 958 3722 1046 solidum,

460 1069 775 1143 fractura
832 1067 1225 1169 inaequali,
1294 1067 1491 1143 haud
1543 1069 1847 1156 nitente,
1899 1095 2193 1169 porosa.
2299 1071 2575 1146 Album
2605 1087 2679 1147 et
2710 1074 2916 1174 quasi
2944 1082 3313 1150 mutatum.
3416 1073 3584 1150 Non
3611 1100 3726 1150 ra-

460 1185 560 1260 dit
609 1185 907 1272 vitrum,
960 1185 1095 1260 sed
1131 1184 1362 1260 cultro
1406 1210 1557 1260 non
1602 1186 1895 1260 raditur.

661 1321 730 1394 3.
787 1320 1005 1393 Silica
1058 1321 1359 1421 tophos-a.
1468 1321 1840 1411 Quarzum
1894 1319 2266 1420 inpurum,
2322 1319 2748 1420 tophosum‚
2807 1321 3198 1420 superficie
3250 1348 3510 1423 aspera
3559 1348 3726 1424 spe-

460 1433 648 1508 ciem
702 1434 953 1509 coralli
1034 1434 1332 1511 ferente.
1440 1437 1772 1511 Textura
1846 1436 2154 1523 fibi-osa,
2241 1437 2557 1513 fractura
2633 1436 3218 1512 conchaeformis
3284 1439 3399 1514 vel
3464 1448 3721 1533 terrea.

455 1549 682 1638 Alba,
747 1551 1022 1653 grisea,
1076 1553 1379 1628 maculis
1425 1553 1541 1627 vel
1594 1553 1802 1628 venis
1856 1553 2115 1627 rubris.

760 1710 821 1758 a.
876 1687 1101 1760 Silica
1152 1705 1472 1762 concreta
1522 1706 1591 1762 et
1640 1689 2173 1785 conglomerata.
2278 1687 2537 1762 Arena
2588 1711 2834 1761 crassa
2884 1686 3323 1789 agglutinata
3379 1711 3525 1786 ope
3567 1686 3730 1761 Sili-

457 1823 589 1874 cae
646 1811 1038 1877 concretae
1091 1802 1592 1904 (Kiselsinter)
1651 1818 1723 1877 et
1772 1805 2044 1894 Quarzi
2097 1804 2371 1903 porosi.
2477 1804 2802 1902 (Arcose
2855 1807 3354 1901 Brongniart).

659 1938 724 2008 4.
778 1938 1102 2011 Schistus
1154 1966 1407 2033 sugens
1461 1936 2064 2039 (Saugschiefer).
2175 1937 2434 2012 Silicae
2486 1937 2701 2012 limus
2742 1938 3118 2013 induratus
3152 1933 3452 2013 lamellis
3487 1935 3724 2022 rectiS,
3773 1944 3779 1950 ’

458 2050 824 2131 tenuibus.
929 2051 1278 2127 Fractura
1331 2062 1590 2140 terrea,
1646 2054 2038 2132 lamellosa.
2095 2054 2423 2133 Griseus.
2503 2054 2832 2157 Linguae
2883 2054 3225 2130 humidae
3275 2055 3557 2130 fortiter
3593 2052 3728 2128 ad·-

450 2163 723 2242 haeret.

763 2303 951 2376 Gen.
1007 2303 1127 2375 24.
1176 2301 1757 2403 Amphibolithus.

664 2439 726 2509 1.
787 2433 1346 2537 Amphibolitlms
1415 2438 1805 2520 schistosus.
1905 2438 2399 2540 Amphibolus
2479 2463 2647 2513 cum
2723 2440 3180 2539 portiuncula
3258 2439 3720 2516 Labradoris‚

452 2550 785 2626 Textura
823 2549 1196 2627 schistosa.

663 2685 905 2785 Saepe
958 2684 1499 2760 subordinatus.
1604 2687 1750 2760 Per
1798 2709 1881 2759 se
1936 2685 2010 2759 in
2062 2691 2408 2787 paroecia
2460 2689 2927 2792 Grangardet
2975 2689 3433 2765 Dalecarliae
3485 2700 3618 2766 etc.

659 2820 730 2894 2.
781 2822 1118 2898 Diorites.
1179 2818 1673 2919 Amphibolus
1719 2827 1793 2894 et
1841 2817 2226 2896 Labrador
2273 2823 2344 2897 in
2373 2826 2617 2925 granis
2646 2824 3095 2925 crystallinis.
3205 2824 3533 2898 Textura
3560 2849 3725 2927 gra-

451 2957 654 3009 nosa.
757 2936 955 3011 Raro
1011 2937 1276 3012 desunt
1325 2937 1636 3011 Ferrum
1688 2937 2174 3038 magneticum
2227 2949 2300 3015 et
2349 2939 2541 3016 Mica
2594 2942 2818 3043 nigra.

448 3184 507 3257 L
556 3183 603 3259 b
696 3096 827 3259 da·
873 3074 1104 3173 Lapis
1149 3068 1600 3171 amphibalus,
1714 3070 2052 3171 crystalli
2102 3097 2412 3177 magnae
2479 3076 2732 3177 nigrae
2800 3071 3258 3175 Amphiboli,
3341 3073 3499 3148 fere
3565 3073 3721 3148 sine

509 3209 552 3259 a
606 3209 692 3259 ra
749 3213 900 3265 ore.

759 3323 830 3397 b.
932 3325 1247 3397 Diorites
1280 3322 1843 3423 porphyriticus.
1951 3321 2276 3398 Diorites
2326 3324 2839 3427 homogeneus
2920 3338 2993 3398 et
3054 3322 3380 3397 minutim
3455 3345 3724 3423 grano-

453 3469 579 3520 sus
637 3466 807 3517 cum
861 3439 1219 3539 crystallis
1269 3437 1714 3513 Labradoris
1768 3436 2135 3515 distinctis.

662 3573 991 3649 Diorites
1043 3572 1308 3648 format
1358 3571 1586 3646 colles
1642 3570 1991 3673 insignes,
2054 3576 2477 3674 praesertim
2555 3599 2777 3675 supra
2839 3572 3351 3647 formationem
3431 3568 3723 3669 hydro*

461 3692 967 3777 bifelziticam,
1022 3697 1101 3764 ut
1149 3689 1224 3764 in
1271 3687 1681 3789 Aspeboda
1737 3688 2191 3767 Dalecarliae
2232 3701 2305 3768 et
2348 3692 2679 3793 pluribus
2729 3690 2912 3765 locis
2963 3688 3273 3764 Sueciae
3326 3686 3632 3761 mediae.

665 3830 733 3903 3.
789 3830 1108 3901 Diorites
1157 3825 1547 3899 schistosas.
1653 3825 2400 3927 (Grbnstensskiffer).
2510 3826 2752 3900 Massa
2809 3819 3362 3897 fundamentalis
3417 3820 3721 3894 Saussm

450 3948 654 4034 rites,
706 3969 874 4019 raro
933 3941 1141 4015 albus
1193 3949 1266 4015 et
1317 3965 1579 4040 puruS,
1632 3965 1857 4040 saepe
1912 3942 2281 4018 coloratus
2337 3969 2436 4019 ex
2494 3940 2947 4043 Amphibolo
2993 3939 3242 4014 intime
3296 3937 3719 4011 commixt0.

458 4065 809 4146 GriseuS,
862 4057 1147 4144 viridis,
1203 4057 1360 4131 fere
1413 4056 1650 4159 niger,
1690 4058 2106 4135 maculosus
2152 4060 2278 4148 ita,
2326 4070 2404 4136 ut
2454 4070 2606 4135 tum
2661 4083 2880 4145 unuS,
2962 4065 3113 4131 tum
3169 4055 3350 4130 alius
3423 4078 3723 4154 praeva-

447 4181 597 4256 leat
648 4178 881 4254 color.
986 4175 1283 4250 Solidus
1337 4200 1476 4249 nec
1528 4174 1782 4250 nitens.

657 4315 744 4387 In
793 4308 1168 4384 montibus
1210 4308 1583 4385 metallicis
1636 4307 2029 4383 Saxoniae.

660 4449 733 4520 4.
793 4442 1089 4518 Diabas.
1191 4441 1436 4517 Massa
1491 4441 2047 4518 fundamentalis
2113 4440 2349 4517 solida
2417 4468 2461 4518 e
2518 4439 2943 4516 Labradore
3025 4445 3098 4511 et
3180 4437 3412 4512 Terra
3482 4438 3723 4530 viridi,

451 4590 598 4668 qua
689 4560 953 4664 quovis
1034 4559 1289 4635 colore
1374 4560 1586 4635 viridi
1672 4561 1985 4663 fingitur.
2115 4560 2413 4665 Adsunt
2481 4583 2782 4661 sparsae
2884 4553 3312 4655 Amphiboli
3412 4556 3730 4656 crystalli

446 4692 521 4759 et
569 4682 763 4758 aliae
816 4676 1140 4752 minerae
1193 4676 1382 4753 forte
1436 4686 1847 4753 occurrunt.

768 4837 830 4887 a.
886 4811 1168 4886 Diabas
1201 4816 1799 4915 porphyriticam.
1904 4811 1988 4886 In
2041 4835 2282 4887 massa
2360 4805 2878 4884 fundamentali
2951 4806 3485 4908 distinguuntur
3557 4835 3721 4907 cry:-

449 4933 645 5011 stalli
698 4928 1178 5011 Labradoris‚
1226 4929 1522 5005 Uralithi
1575 4928 1694 5004 vel
1736 4928 2192 5031 OligoclasiS.

766 5064 837 5139 b.
898 5065 1129 5164 Lapis
1172 5068 1418 5139 viralis
1471 5076 1926 5140 transitionis.
2030 5060 2272 5136 Massa
2323 5058 2880 5136 fundamentalis
2951 5061 3183 5135 Terra
3262 5056 3505 5132 viridis
3575 5059 3725 5127 fert—*e

359 5261 364 5265 .
446 5184 841 5263 schistosa.
953 5179 1200 5255 Pulvis
1280 5206 1580 5257 rasurae
1650 5180 2202 5283 griseo-viridis.
2309 5180 2660 5254 Fractura
2725 5176 3225 5253 transversalis
3302 5175 3721 5271 inaequalis,

3428 5315 3525 5379 ju
