4984 6517
2378 855 3285 935 HYMENOMYCETES.

2209 1002 2633 1080 AeAmcUs.
2691 1004 2769 1078 L.
2831 1049 2923 1061 -
2981 1005 3220 1105 Epicr.
3273 1030 3339 1105 p.
3391 1015 3450 1078 9.

1406 1189 1918 1290 Agaricinorum
1973 1196 2240 1292 species
2298 1218 2653 1279 carnosae,
2706 1204 2940 1290 utpote
2997 1208 3400 1267 conservatu
3458 1191 3790 1277 difficiles,
3872 1219 4106 1291 parum
4164 1220 4200 1265 a
4253 1221 4450 1292 pere-

1204 1314 1651 1412 grinatoribus
1702 1311 2118 1408 colliguntur.
2224 1310 2551 1391 Quamvis
2603 1312 2667 1382 in
2720 1310 2853 1382 hoc
2906 1311 3138 1384 ordine
3194 1316 3467 1411 species
3524 1314 3724 1412 longe
3776 1314 3987 1410 magis
4037 1312 4166 1383 sint
4219 1311 4449 1384 defini-

1208 1446 1313 1504 tae
1366 1445 1435 1504 et
1485 1431 1771 1503 strictius
1830 1430 2169 1516 limitatae,
2225 1456 2423 1528 quam
2480 1433 2547 1502 in
2600 1431 2906 1528 reliquis,
2961 1435 3345 1527 (terrestres
3400 1433 3573 1503 enim
3629 1443 3811 1517 sunt,
3866 1457 4144 1531 quarum
4187 1433 4454 1529 species

1204 1550 1568 1622 nobiliores
1623 1573 1894 1645 semper
1949 1550 2161 1645 magis
2215 1562 2647 1632 autonomae;
2727 1575 2862 1647 quo
2936 1550 3148 1646 magis
3220 1552 3394 1622 enim
3471 1553 3946 1648 parasitantur‚
4015 1575 4099 1622 eo
4149 1550 4361 1646 magis
4416 1577 4450 1619 a

1206 1669 1511 1753 matrice,
1554 1678 1626 1736 ut
1675 1663 2049 1766 Entophyti
2111 1667 2196 1740 ab
2245 1666 2373 1739 hac
2449 1671 2673 1754 unice,
2754 1666 3121 1766 pendeant,
3175 1680 3244 1739 et
3306 1671 3370 1741 in
3451 1668 3732 1740 diversis
3792 1669 3982 1741 terris
4061 1671 4458 1766 mutantur),

1204 1785 1288 1858 ad
1343 1797 1718 1857 accuratam
1773 1786 2153 1881 specierum
2209 1785 2821 1860 determinationem
2876 1789 3296 1859 necessariae
3343 1800 3495 1860 sunt
3547 1814 3680 1860 non
3737 1785 3942 1858 modo
4006 1787 4277 1871 icones,
4357 1788 4452 1856 vi-

1203 1906 1302 1977 vis
1340 1903 1681 1975 coloribus
1739 1901 2036 1990 fucatae,
2081 1904 2203 1977 sed
2243 1907 2438 1976 etiam
2501 1908 2864 2005 specimina
2918 1907 2982 1976 in
3031 1907 3264 2003 spiritu
3317 1907 3449 1977 vini
3495 1916 3909 1978 conservata.
4015 1901 4207 1975 Talia
4257 1931 4453 2003 prae-

1204 2023 1317 2093 bet
1376 2018 1522 2094 Cel.
1580 2020 2019 2094 OERSTEDII
2067 2022 2411 2109 collectio,
2463 2027 2569 2096 cui
2624 2024 2954 2098 debentur
3015 2026 3285 2122 species
3333 2023 3471 2096 fere
3528 2050 3762 2096 omnes
3833 2021 3994 2094 infra
4047 2025 4456 2108 recensitae,

1207 2139 1447 2211 additis
1494 2139 1700 2212 modo
1753 2140 2153 2239 quibusdam
2202 2141 2468 2214 selectis
2524 2169 2561 2212 a
2616 2141 2759 2215 Cel.
2810 2141 3145 2215 BENZON
3212 2142 3513 2215 collectis
3572 2154 3640 2214 et
3692 2143 3924 2240 spiritu
3991 2141 4120 2211 vini
4207 2142 4456 2239 optime

1201 2260 1632 2331 conservatis.
1736 2255 1942 2332 Aliae
1992 2259 2125 2330 hoc
2181 2259 2336 2331 loco
2393 2263 2685 2333 omissae
2742 2274 2896 2333 sunt
2948 2263 3441 2360 vulgatissimae
3520 2258 3889 2357 Europeae
3944 2271 4011 2330 et
4089 2285 4250 2331 vere
4304 2286 4456 2332 cos-

1204 2378 1566 2475 mopolitae
1627 2404 1688 2450 v.
1744 2404 1800 2450 c.
1857 2376 1946 2449 A.
1979 2406 2361 2478 procerus,
2424 2377 2808 2463 mutabiliS,
2883 2390 3294 2478 campestris
3343 2391 3411 2450 et
3460 2386 3799 2460 arveus-ix,
3861 2403 4198 2476 praecor,
4266 2390 4460 2452 semi-

1195 2492 1521 2591 globacm·
1574 2509 1734 2583 etc.,
1786 2496 1894 2570 vel
1939 2509 2072 2568 tam
2125 2498 2361 2570 leviter
2413 2497 2758 2583 differunt,
2809 2510 2881 2569 ut
2933 2499 3044 2570 vix
3098 2497 3601 2596 distinguantur.

1241 2638 1297 2705 l.
1403 2632 1496 2706 A.
1549 2631 1963 2733 (LEPIOTA)
2030 2655 2530 2708 ExcomA'rus.
2641 2632 2947 2707 Schaefl'.
3008 2679 3101 2690 -
3154 2633 3272 2707 Fr.
3326 2633 3565 2734 Epicr.
3618 2658 3684 2733 p.
3743 2641 3841 2708 43.

1500 2749 1627 2825 Ad
1673 2749 1992 2848 Naranjo
2051 2751 2125 2825 in
2184 2752 2404 2824 Costa
2452 2750 2660 2838 Rica,
2715 2750 2935 2849 Majo.
3003 2739 3187 2827 O'rst.
3241 2764 3322 2825 ic.
3373 2764 3481 2829 26.

1501 2892 1871 2994 Europaeo
1916 2897 2160 2980 minor,
2211 2907 2363 2966 cute
2413 2893 2601 2968 fusca
2656 2896 3489 2995 squamaceo-secedente.
3549 2940 3640 2951 —
3674 2896 3760 2968 A.
3810 2892 4211 2994 molybdites
4265 2892 4456 2995 Mey.

1416 3056 1507 3068 —
1561 3010 1794 3111 Epicr.
1850 3013 1888 3084 l.
1943 3040 2034 3099 c.,
2089 3039 2128 3086 e
2175 3011 2462 3086 Brasilia
2512 3041 2548 3085 a
2594 3011 2864 3087 Lundio
2943 3017 3221 3103 missus,
3301 3015 3646 3088 manifeste
3703 3013 3920 3087 differt
3992 3016 4214 3112 stipite
4287 3015 4454 3086 laevi

1404 3133 1802 3230 nigricante,
1859 3131 2014 3230 pilei
2070 3132 2427 3231 superficie
2488 3132 2777 3206 farinosa
2824 3160 2952 3207 nec
3004 3134 3337 3221 floccosa,
3391 3134 3666 3207 lamellis
3722 3132 4362 3205 coerulescentibus.

1246 3285 1303 3346 9.
1412 3272 1504 3347 Α.
1564 3273 1977 3374 (Lenem)
2025 3298 2542 3351 CEPAEs'nPEs.
2600 3275 2791 3349 Sow.
2853 3320 2947 3332 —
2992 3276 3109 3349 Fr.
3165 3276 3405 3375 Epicr.
3452 3301 3520 3376 p.
3580 3281 3678 3349 ⁴7.
3732 3304 3880 3348 var.
3935 3275 4139 3348 lutea.
4189 3274 4401 3348 Berk.

1500 3410 1627 3485 Ad
1676 3410 1869 3512 ligna
1913 3410 2197 3510 putrida
2250 3411 2323 3485 in
2376 3412 2750 3498 Granada‚
2806 3411 3237 3513 Nicaragua,
3285 3411 3525 3486 Junio.
3589 3400 3774 3486 O'rst.
3826 3424 3907 3485 ic.
3961 3442 4027 3484 n.
4078 3425 4136 3488 9.

1501 3559 1960 3636 Pulcherrima
2010 3564 2254 3650 forma,
2307 3564 2486 3664 apud
2539 3592 2666 3637 nos
2714 3563 2898 3636 haud
2968 3565 3357 3649 observata,
3410 3574 3478 3634 et
3523 3563 3610 3634 ab
3685 3560 4055 3663 Europaeo
4117 3564 4310 3636 simul
4361 3591 4466 3635 re-

1405 3680 1657 3752 cedens
1703 3681 1858 3753 velo
1929 3682 2348 3768 oblitterat0,
2431 3682 2796 3780 squamulis
2851 3683 3262 3779 granulosis,
3333 3693 3629 3752 ceterum
3706 3677 4005 3753 Boltonii
4057 3684 4233 3754 iconi
4285 3683 4461 3755 bene

1416 3799 1858 3897 respondens.

1406 3940 1437 3970 ⁶
1492 3937 1584 4012 A.
1646 3962 2058 4015 ASPRATUS.
2145 3938 2358 4013 Berk.
2416 3938 2599 4013 Dec.
2666 3964 2733 4012 n.
2797 3945 2916 4013 ⁴43
2994 3941 3070 4040 (e
3140 3937 3529 4040 Ceylonia)
3613 3938 4076 4018 exactissime
4150 3941 4330 4016 sistit
4377 3943 4464 4014 A.

1407 4068 1830 4131 muria-atum
1884 4060 2014 4131 Fr.
2078 4057 2229 4132 Obs.
2282 4069 2347 4133 2.
2374 4117 2389 4143 ,
2480 4060 2691 4155 cujus
2764 4083 2946 4132 vero
3020 4063 3243 4131 status
3294 4057 3585 4157 typicus
3635 4065 3744 4132 est
3788 4056 4286 4158 ochrosporus
4339 4059 4466 4160 (ad

1407 4174 1812 4277 analogiam
1870 4177 1962 4249 A.
2022 4173 2361 4276 echinati)
2422 4183 2496 4249 et
2558 4174 2754 4262 hinc,
2836 4174 3310 4249 confirmante
3396 4174 3735 4250 affinitate
3796 4178 3882 4250 A.
3951 4182 4340 4280 curvipedis
4394 4186 4468 4252 et

1404 4296 1707 4368 limulati
1779 4293 1927 4393 (ille
1980 4293 2310 4380 lameIIiS‚
2390 4291 2507 4367 hic
2581 4293 2751 4394 pilei
2825 4292 3254 4369 indumento
3331 4293 3800 4396 simillimus),
3855 4296 4041 4371 inter
4092 4296 4461 4372 Pholiotas

1407 4420 1764 4513 receptus.
1875 4411 2014 4486 Csr.
2078 4415 2261 4485 Icon.
2314 4423 2389 4485 in
2442 4415 2631 4486 Mus.
2687 4414 2814 4487 Ac.
2869 4415 3121 4488 Scient.
3162 4416 3387 4488 Holm.

1249 4569 1308 4632 3.
1419 4559 1512 4634 A.
1571 4562 2164 4660 (Tmcflotonm)
2229 4584 2695 4646 DICHROPUS,
2776 4559 2972 4662 pileo
3058 4586 3370 4636 carnoso
3454 4558 3844 4658 explanato
3923 4557 4191 4633 obtuso
4279 4558 4470 4634 laevi

1408 4677 1733 4780 glabrato
1784 4678 2771 4778 (macine-purpurascente),
2840 4678 3076 4779 stipite
3126 4679 3365 4753 solido
3419 4703 3707 4753 sursum
3761 4684 4125 4751 attenuato
4181 4702 4461 4753 conco-

1412 4796 1582 4882 lori,
1633 4820 1923 4870 sursum
1976 4796 2280 4897 abrupte
2335 4796 2536 4884 albo,
2592 4796 2891 4872 lamellis
2940 4795 3248 4872 adnexis
3297 4794 3866 4871 subdistantibus
3919 4795 4119 4874 albis.

1502 4942 1628 5017 Ad
1680 4951 1945 5017 terram
1992 4943 2278 5018 Insulae
2337 4945 2435 5019 St.
2483 4944 2847 5033 Thomae,
2900 4943 3318 5020 Novembri.
3388 4931 3574 5019 O'rst.
3629 4957 3708 5019 ic.
3759 4977 3823 5020 n.
3877 4958 3968 5022 19.

1511 5078 1686 5152 Cum
1741 5081 1828 5152 A.
1867 5082 2108 5176 jonide
2162 5080 2689 5179 comparandus,
2742 5094 2809 5153 at
2858 5085 3069 5180 stipes
3121 5084 3405 5181 abrupte
3456 5085 3717 5157 bicolor
3766 5084 3896 5156 veli
3929 5084 4225 5157 obsoleti
4256 5111 4452 5183 prae-

1414 5200 1532 5272 bet
1568 5199 1899 5273 indicium.
2010 5197 2243 5298 Stipes
2291 5209 2333 5270 2
2384 5227 2534 5272 unc.
2592 5202 2629 5271 l.
2704 5201 2906 5299 paulo
2982 5201 3148 5272 ultra
3223 5201 3500 5301 longus,
3577 5204 3723 5276 basi
3769 5211 3810 5274 3
3859 5247 3950 5259 —
4007 5205 4208 5301 apice
4255 5212 4294 5275 2
4361 5204 4464 5276 lin.

1414 5345 1717 5405 crassus,
1775 5319 1860 5391 ad
1913 5322 1947 5417 ξ
1991 5318 2820 5417 lilacino-purpurascens,
2892 5346 3093 5417 supra
3167 5347 3366 5419 quem
3449 5336 3681 5419 argute
3763 5322 4102 5393 limitatum
4159 5322 4471 5395 colorem
