4984 6517
1319 594 1494 678 334

1206 835 1411 908 supra
1474 811 1538 881 in
1592 806 2053 906 descriptione
2096 813 2806 896 commemoravimus,
2847 838 2998 884 cum
3052 810 3140 885 de
3187 815 3829 913 conceptaculorum
3886 820 4111 916 sporis
4160 819 4246 891 nil
4298 817 4478 891 dicat

1208 924 1518 1011 Sonder,
1595 950 1725 1023 pro
1803 926 2309 1022 conceptaculis
2382 955 2506 1001 sev
2574 928 2938 1027 scaphidiis
3019 929 3336 1004 habuisse
3391 932 3671 1016 videtur,
3730 935 3905 1010 unde
3964 963 4204 1034 magna
4256 938 4362 1008 illa
4415 943 4479 1007 in

1207 1071 1353 1118 mea
1408 1055 1476 1116 et
1529 1039 1827 1116 Sonderi
1883 1042 2105 1139 planta
2159 1042 2686 1118 fructificationis
2741 1047 3211 1143 discrepantia.

1509 1176 1747 1250 Fucus
1800 1174 2149 1273 decipiens
2211 1179 2433 1250 Turn.
2485 1179 2673 1252 Hist.
2729 1197 2775 1252 t.
2830 1191 2948 1253 166
2981 1182 3293 1254 omnibus
3323 1181 3464 1255 sere
3497 1185 3883 1256 auctoribus
3916 1187 4140 1283 ignota
4171 1190 4477 1285 species„

1207 1296 1370 1396 quid
1436 1298 1519 1369 sit
1587 1321 1657 1367 re
1721 1320 1910 1379 vera,
1988 1320 2224 1391 parum
2291 1308 2574 1368 constat.
2683 1295 2856 1369 Eam
2911 1324 3061 1370 cum
3115 1297 3206 1370 H.
3262 1295 3556 1372 Sonderi
3609 1302 3942 1398 quandam
3983 1303 4277 1400 prodere
4314 1330 4472 1375 ana-

1207 1417 1452 1514 logiam
1526 1417 1656 1510 jam
1739 1412 2123 1509 suspicatus
2178 1424 2281 1484 est
2334 1409 2401 1483 J.
2459 1409 2600 1512 Ag.
2657 1414 2695 1486 Ι.
2751 1442 2809 1487 e.
2919 1412 3315 1514 Descriptio
3364 1414 3653 1491 Turneri
3706 1420 3770 1490 in
3822 1435 4120 1492 nostram
4175 1422 4470 1518 plantam

1206 1561 1339 1608 non
1394 1533 1564 1605 male
1619 1529 1796 1603 cadit
1848 1530 1911 1600 in
1965 1530 2455 1604 essentialibus.
2566 1528 2715 1604 Sed
2761 1533 2981 1631 planta
3038 1530 3327 1606 Turneri
3385 1535 3697 1608 vesiculis
3744 1550 3925 1610 caret
3951 1551 4019 1610 et
4045 1537 4471 1636 receptacula

1201 1652 1486 1726 axillaria
1540 1648 2028 1722 describuntur.
2134 1642 2213 1718 Si
2268 1660 2525 1734 autem,
2580 1661 2649 1719 ut
2695 1651 2758 1721 in
2815 1648 3251 1751 Cystophora
3308 1651 3669 1724 monilifera
3720 1654 4075 1752 multisque
4123 1654 4265 1727 aliis
4306 1681 4469 1754 spe-

1204 1771 1472 1856 ciebus,
1525 1767 1842 1840 vesiculae
1905 1778 1973 1837 et
2020 1762 2266 1837 adesse
2321 1778 2389 1838 et
2447 1765 2813 1839 desiderari
2870 1783 3185 1865 possunt,
3239 1768 3416 1840 idem
3473 1781 3542 1841 et
3591 1772 3653 1841 in
3709 1770 3835 1842 hac
3889 1774 4119 1869 specie
4147 1770 4461 1844 accidere

1200 1900 1459 1985 potest3
1540 1887 1744 1956 immo
1829 1908 2057 1954 coram
2126 1883 2341 1955 oculis
2433 1883 2656 1958 habeo
2715 1883 3051 1985 Cystoph.
3111 1882 3407 1958 Sonderi
3456 1887 3526 1957 J.
3585 1887 3724 1982 Ag.
3779 1892 4159 1987 specimen.
4205 1893 4273 1961 in
4328 1916 4466 1987 quo

1202 2005 1377 2077 nulla
1429 2001 1621 2075 adest
1675 2000 2004 2085 vesicula,
2055 2013 2128 2071 ut
2177 2000 2311 2072 hac
2362 2002 2425 2072 in
2482 2026 2557 2074 re
2610 2002 2783 2073 nulla
2840 2000 3212 2074 difficultas.
3350 2000 3732 2076 Turnerum
3780 2006 4107 2105 denique,
4158 2033 4313 2079 cum
4368 2010 4460 2078 in·

1196 2121 1459 2196 terdum
1510 2118 1826 2192 dormitet
1877 2143 2178 2190 summus
2220 2115 2600 2204 Homerus,
2653 2119 3079 2217 receptacula
3136 2133 3326 2217 saepe
3355 2134 3676 2219 congesta
3705 2123 3988 2195 axillaria
4015 2125 4334 2197 babuisse
4367 2168 4462 2178 —

1198 2263 1604 2337 quamquam
1662 2248 1729 2309 et
1781 2261 1861 2308 ea
1916 2256 2157 2331 sparsa
2205 2234 2532 2306 describit
2581 2277 2676 2291 -
2735 2237 2843 2307 vix
2898 2236 3226 2333 impedire
3281 2251 3526 2335 potest,
3557 2241 3914 2337 quominus
3969 2243 4052 2313 sit
4102 2241 4323 2340 planta
4355 2242 4460 2311 illa

1196 2354 1522 2440 Turneri,
1597 2356 1740 2426 sive
1814 2350 2051 2424 Fucus
2130 2351 2512 2449 decipiens,
2594 2350 2833 2425 eadem
2880 2357 3150 2450 species
3211 2380 3292 2426 ac
3348 2354 3788 2455 Cystophora
3850 2356 4137 2431 Sonderi
4192 2360 4263 2429 J.
4317 2360 4458 2453 Ag.

1197 2471 1404 2553 Quod
1460 2473 1517 2545 si
1567 2497 1801 2544 verum
1856 2471 1941 2543 sit
1987 2472 2148 2562 (nec
2195 2467 2644 2566 dubitemus),
2690 2469 2887 2566 hujus
2937 2471 3203 2567 plantae
3256 2475 3649 2571 synonymia
3706 2474 3854 2546 haec
3906 2487 4040 2547 est:

1999 2619 2235 2693 Fucus
2288 2621 2637 2720 decipiens
2690 2623 2969 2694 Brown.

1999 2735 2410 2837 Sargassum
2468 2739 2819 2811 flaccidum
2876 2741 3085 2812 Sond.
3145 2741 3305 2835 Alg.
3365 2743 3619 2814 Preiss.
3662 2771 3746 2842 p.
3806 2749 3903 2816 17.

2001 2853 2440 2957 Cystophora
2500 2854 2799 2930 Sonderi
2850 2859 2920 2930 J.
2975 2858 3114 2953 Ag.
3159 2885 3315 2953 gen.
3368 2876 3441 2932 et
3493 2887 3596 2959 sp.
3632 2887 3713 2959 p.
3761 2863 3914 2934 247.

1496 3007 1612 3083 Ne
1639 3011 1833 3081 nimis
1877 3011 1941 3080 in
1976 3008 2369 3107 augurando
2404 3011 2885 3109 circumvagari
2919 3012 3167 3098 videar,
3197 3012 3283 3084 de
3316 3010 3752 3112 Cystophora
3783 3012 4056 3084 flaccida
4083 3010 4462 3114 (Labill),

1192 3127 1273 3201 C.
1341 3128 1770 3201 verruculosa
1854 3125 2159 3228 (Mart)
2226 3135 2295 3200 et
2377 3123 2720 3225 Sargasso
2805 3130 3173 3226 capillaceo
3243 3129 3431 3200 Hook
3480 3146 3548 3203 et
3600 3130 3807 3202 Harv
3860 3147 3928 3203 et
3978 3129 4048 3198 J
4105 3133 4246 3223 Ag.
4304 3131 4350 3201 l:
4403 3159 4459 3201 c.

1172 3275 1254 3347 p.
1334 3252 1617 3328 247-49,
1696 3245 2047 3329 omnibus,
2116 3245 2170 3316 si
2250 3242 2410 3342 quid
2489 3245 2723 3333 video,
2778 3246 2865 3318 ad
2924 3259 3222 3319 nostrum
3267 3273 3485 3345 genus
3542 3248 4028 3344 pertinentibus
4082 3260 4150 3319 et
4203 3250 4462 3345 speciei

1184 3390 1389 3462 supra
1443 3363 1805 3460 descriptae
1860 3361 2083 3435 forsan
2140 3363 2496 3460 proximis,
2547 3362 2634 3434 nil
2685 3362 2931 3449 dicam,
2997 3390 3192 3436 unam
3246 3364 3282 3435 l.
3331 3364 3602 3436 alteram
3655 3364 3740 3435 ad
3809 3390 3941 3436 non
4020 3367 4275 3461 optime
4356 3364 4459 3435 di-

1184 3485 1460 3556 stinctas
1508 3482 1779 3579 species
1816 3505 1971 3552 esse
2010 3478 2466 3566 referendam,
2517 3482 2905 3578 suspicione
2960 3480 3221 3553 ductus.

1584 3666 1652 3739 2.
1740 3666 2348 3739 Panto-tmen
2404 3686 2906 3739 SPARTIOIDES
2959 3665 3342 3768 (Bt-own).

1488 3809 1616 3885 Ad
1696 3808 1934 3883 littora
2001 3806 2203 3882 sinus
2261 3809 2440 3882 Port
2488 3804 2744 3906 Phillip
2790 3804 3043 3881 Novae
3094 3806 3560 3894 Hollandiae,
3628 3810 3888 3884 ceteris
3941 3809 4316 3896 affinibus,
4385 3823 4464 3885 ut

1176 3929 1480 4014 videtur,
1530 3926 1783 4002 rarior.

1488 4062 1719 4136 Callus
1791 4062 2097 4134 radicalis
2167 4060 2754 4158 hemisphaericus,
2812 4060 3063 4147 sulvus,
3119 4061 3376 4132 unciam
3435 4059 3572 4132 sere
3627 4060 3952 4134 diametro
3999 4087 4316 4159 aequans,
4371 4091 4458 4135 ex

1176 4209 1311 4283 quo
1366 4181 1596 4280 plures
1650 4180 1879 4253 caules
1930 4177 2381 4276 egrediuntur.
2490 4177 2722 4251 Caulis
2776 4179 2919 4250 basi
2974 4180 3641 4276 tereti-compressus
3671 4205 3828 4251 mox
3872 4181 4147 4250 omnino
4178 4181 4457 4277 planus,

1177 4326 1393 4400 usque
1447 4301 1491 4371 4
1551 4299 1757 4372 lineas
1810 4297 1981 4368 latus
2045 4309 2113 4367 et
2178 4294 2318 4367 sere
2402 4321 2595 4366 unam
2676 4322 2980 4382 crassus,
3034 4322 3259 4368 ramos
3311 4298 3618 4392 utrinque
3668 4322 3708 4369 e
3763 4298 4062 4393 margine
4117 4299 4451 4369 emittens.

1170 4417 1369 4492 Rami
1450 4417 1883 4491 semiunciam
1968 4412 2325 4497 distantes,
2403 4412 2545 4484 basi
2627 4416 2922 4511 margine
3010 4416 3319 4511 utrinque
3406 4412 3679 4484 ramulis
3740 4412 4055 4485 defractis
4108 4415 4446 4486 aculeato-

1173 4562 1567 4610 verrucoso.
1677 4529 2100 4631 Specimina,
2150 4555 2303 4628 quae
2348 4529 2503 4601 mihi
2564 4530 2836 4614 adsunt,
2867 4557 3000 4602 non
3051 4531 3134 4601 ita
3180 4548 3332 4602 sunt
3373 4530 3742 4627 completa,
3794 4542 3864 4603 ut
3921 4530 4452 4628 descriptionem

1167 4654 1545 4728 absolutam
1619 4651 1782 4723 dare
1858 4652 2152 4747 possim,
2232 4659 2300 4720 et
2364 4648 2624 4744 juniora
2681 4673 2832 4718 cum
2881 4646 3132 4733 desint,
3178 4674 3258 4718 an
3309 4646 3506 4740 hujus
3559 4648 3814 4745 speciei
3873 4648 4085 4743 prima
4143 4649 4447 4720 evolutio

1164 4775 1246 4846 sit
1298 4771 1570 4842 omnino
1626 4767 1897 4850 eadem,
1959 4792 2158 4864 quam
2213 4766 2277 4836 in
2331 4766 2539 4863 priori
2598 4766 2831 4862 specie
2887 4763 3401 4862 descripsimus,
3456 4764 3685 4836 dicere
3713 4790 3845 4834 non
3882 4764 4054 4837 licet.
4132 4761 4441 4864 Propter

1166 4889 1424 4965 caulem
1479 4887 1896 4985 primarium,
1953 4897 2023 4954 ut
2075 4883 2137 4953 in
2195 4883 2403 4978 priori
2463 4882 2732 4978 specie,
2791 4881 3059 4980 planum
3114 4894 3182 4955 et
3233 4908 3273 4954 e
3325 4883 3621 4979 margine
3676 4881 4090 4969 ramiserum,
4146 4886 4308 4979 quin
4360 4885 4446 4954 ad

1164 5019 1464 5082 nostrum
1518 5031 1737 5103 genus
1773 5004 2136 5100 pertineat,
2189 5024 2324 5070 non
2376 5012 2481 5072 est
2536 4997 2994 5071 dubitandum.

2108 5193 2231 5266 IV.
2320 5189 3131 5266 CAULOCYSTIS
3187 5190 3472 5263 Aresch.

1463 5329 1704 5407 Caulis
1773 5327 2156 5428 primarius
2209 5351 2253 5401 e
2307 5325 2492 5400 callo
2571 5322 2863 5397 radicali
2935 5322 3174 5396 solido
3241 5322 3968 5423 subhemisphaerico
4037 5351 4463 5431 exsurgens
