4984 6517
3410 536 3581 623 287

513 857 535 934 Ι
587 859 650 935 U
730 744 920 934 ngn.
982 743 1102 818 24.
1159 745 1738 848 Ampkibolithm.
1842 744 2226 820 Labrador
2280 744 2400 821 vel
2475 745 2932 824 Saussurites
2993 773 3154 825 cum
3238 747 3689 849 Amphibolo

417 884 512 933 ve
648 884 729 934 ra
755 875 806 934 1t
859 883 928 934 o.

698 995 889 1072 Gen.
944 996 1066 1069 25.
1129 995 1632 1093 Augitolithm.
1740 992 2154 1082 Labrador,
2212 994 2665 1073 Saussurites
2719 1006 2853 1073 etc.
2914 1022 3081 1075 cum
3135 999 3392 1076 innatis
3457 999 3693 1097 Augi-

419 1119 535 1186 tae
586 1111 999 1212 speciebus.

1284 1300 1598 1375 FLASSIS
1648 1300 1840 1375 VIII.
1951 1299 2158 1375 Saxa
2214 1302 2481 1375 Schisti
2530 1302 2916 1395 argillacei.

626 1430 868 1508 Massa
920 1432 1468 1507 fundamentalis
1524 1433 1840 1509 Felzites
1889 1436 2286 1510 schistosus
2341 1434 2414 1507 in
2470 1433 2916 1510 sedimentis.

727 1569 917 1642 Gen.
979 1568 1099 1640 26.
1159 1567 1476 1642 Schistas
1528 1570 2096 1657 orthofelziticus.
2204 1565 2568 1665 (Schistus
2649 1568 3080 1670 argillaceus
3150 1565 3689 1665 bituminosas).

426 1682 671 1758 Massa
760 1682 1314 1759 fundamentalis
1392 1682 1945 1772 Orthofelzites,
2014 1685 2260 1761 intime
2321 1685 2766 1760 commixtus
2831 1711 2999 1761 cum
3073 1683 3455 1769 bitumine,
3529 1706 3694 1781 par·

419 1803 545 1876 tim
600 1801 1210 1886 carbonescente,
1268 1801 1465 1874 undo
1518 1798 1828 1875 schistus
1883 1811 1993 1877 est
2042 1803 2252 1905 nigro
2307 1802 2564 1877 colore
2620 1803 2902 1878 tinctus.

725 1939 914 2009 Gen.
970 1936 1088 2009 27.
1145 1934 1463 2009 Schistas
1515 1935 1903 2010 thoniticus.
2008 1935 2368 2031 (Schistus
2419 1935 2850 2037 argillaceus
2903 1933 3398 2032 transitionis).
3490 1929 3693 2006 Tho·

425 2055 609 2128 nites
652 2051 1051 2127 schistosus
1105 2051 1264 2125 sine
1315 2050 1688 2136 bitumine,
1738 2050 1936 2125 ferro
1982 2054 2275 2140 tinctus,
2323 2077 2549 2153 saepe
2611 2079 2777 2128 cum
2841 2055 3043 2130 calce
3095 2050 3557 2128 commixtus.

759 2190 947 2262 Gen.
998 2189 1117 2260 28.
1173 2185 1463 2280 Argilla
1487 2188 1847 2262 indurata.
1904 2185 2436 2288 (Schiferthou')
2490 2185 2735 2261 Massa
2763 2188 3060 2291 argillae
3088 2186 3465 2262 induratae
3499 2208 3542 2258 e
3573 2208 3690 2256 se-

425 2305 764 2380 dimentis
824 2303 1199 2380 schistosis
1262 2303 1734 2403 compositae.

1384 2506 1694 2581 CLASSIS
1747 2505 1872 2580 IX.
1982 2505 2242 2579 Strata
2313 2504 2732 2582 Carbonum.

624 2640 868 2716 Carbo
918 2639 1159 2714 varius
1212 2663 1347 2713 seu
1402 2638 1836 2743 vegetabilia
1881 2637 1956 2711 in
2010 2637 2409 2714 carbonem
2468 2651 2759 2717 mutata.

764 2778 951 2851 Gen.
1007 2776 1126 2847 29.
1177 2776 1689 2850 Lithanthraoe.
1797 2772 2041 2848 Carbo
2108 2771 2265 2846 sere
2310 2797 2572 2872 purae,
2645 2773 3130 2850 bituminosas
3195 2796 3240 2846 e
3294 2770 3529 2845 stratis
3580 2765 3697 2841 vel

422 2890 853 2968 sedimentis
900 2891 1276 2968 schistosis
1330 2902 1691 2968 constans,

736 3028 925 3101 Gen.
984 3027 1103 3100 30.
1168 3025 1396 3101 Carbo
1423 3031 1701 3125 fuscas
1800 3020 2271 3098 Braunkohle
2325 3025 2627 3099 Germ‘.
2734 3023 3010 3109 Carbo,
3069 3022 3193 3123 qui
3246 3029 3358 3096 est
3403 3025 3698 3119 vegeta-

427 3141 624 3228 bilis,
682 3144 787 3230 id,
842 3145 1045 3246 quod
1096 3170 1138 3218 e
1192 3143 1552 3219 Carbonis
1604 3150 1966 3218 structura
2016 3142 2248 3243 magis
2301 3141 2632 3216 minusve
2683 3149 2898 3241 patet.

1430 3346 1738 3420 CLAssls
1788 3345 1880 3418 X.
1990 3344 2197 3417 Saxa
2247 3344 2420 3417 salis
2472 3353 2715 3417 nativi.

632 3482 828 3556 Saxa
879 3483 996 3559 vel
1050 3506 1335 3557 massae
1388 3505 1432 3554 e
1488 3478 1660 3554 salis
1697 3476 2185 3554 varietatibus

729 3622 914 3695 Gen.
973 3620 1090 3693 31.
1149 3618 1288 3692 Sal
1335 3627 1686 3689 montium.
1796 3612 2216 3688 Chloretum
2270 3606 2646 3682 natricum.

1135 3821 1444 3895 CLAssls
1487 3816 1610 3890 XI.
1718 3816 2080 3914 Reliquiae
2128 3834 2466 3882 saxorum
2519 3812 3023 3883 destructionis.

730 3964 920 4036 Gen.
982 3958 1102 4031 32.
1164 3957 1525 4028 Producta
1574 3951 1921 4024 vulcania.
2029 3940 2380 4019 Materiae
2432 3966 2477 4015 e
2529 3939 2901 4016 montibus
2953 3934 3304 4012 vulcaniis
3383 3935 3695 4030 ejectae,

426 4086 663 4180 mag-is
713 4079 1043 4154 minusve
1091 4080 1426 4147 mutatae.

740 4215 930 4287 Gen.
987 4209 1106 4283 33.
1184 4210 1537 4281 Materiae
1597 4202 2163 4297 conglomeratae.
2261 4198 2701 4299 Fragmenta
2768 4188 3204 4292 agglutinata
3255 4184 3328 4259 in
3382 4204 3697 4256 massam
3746 4206 3752 4215 ⁴

435 4340 893 4434 compactam
953 4350 1096 4426 ope
1153 4322 1508 4398 fossilium
1557 4318 2043 4394 recentiorum
2097 4315 2213 4391 vel
2266 4315 2446 4390 alius
2498 4306 2874 4386 caementi.

737 4468 927 4538 Gen.
980 4462 1100 4536 34.
1159 4461 1603 4555 Fragmenta
1644 4454 1910 4528 avulsa.
2014 4451 2214 4525 Saxa
2266 4448 2561 4532 detrita,
2617 4439 2947 4516 nondum
3007 4436 3082 4510 in
3154 4458 3468 4511 massam
3497 4455 3701 4506 com·

430 4594 718 4687 pactam
768 4578 1225 4681 agglutinata.

1529 4762 1610 4825 B.
1666 4760 2125 4840 Conspectus
2169 4750 2604 4836 specierum.

745 4889 933 4960 Gen.
995 4888 1055 4957 1.
1125 4884 1456 4957 Granites
1508 4890 1867 4951 micaceus.

651 5029 712 5094 1.
778 5023 1111 5096 Granites
1164 5023 1689 5113 antiquiss-imus
1740 5007 1968 5083 ruber.
2075 5001 2464 5083 Orthoclas
2504 5001 2576 5074 in
2634 4993 3028 5099 crystallis,
3067 4990 3142 5066 in
3184 4987 3387 5091 quod
3428 4985 3702 5081 Quarzi

436 5165 664 5234 grana
717 5147 790 5213 et
838 5135 1009 5211 solia
1063 5132 1301 5208 Micae
1346 5127 1810 5231 magnesicae
1860 5129 2348 5225 penetrarunt.

746 5298 808 5345 a.
859 5279 1151 5345 textura
1205 5288 1538 5368 granosa.
1651 5263 2006 5335 Granites.
