4984 6517
3493 598 3667 681 385

549 808 977 896 necessitas;
1028 808 1278 915 quales
1333 833 1453 882 res
1503 818 1625 881 aut
1664 818 2036 912 nequeunt
2085 803 2416 906 exprimi,
2470 817 2593 882 aut
2644 831 2792 882 non
2852 806 3022 884 satis
3067 807 3347 883 Latine.
3469 810 3773 885 Errasse

550 927 741 1002 enim
838 924 1008 1001 mihi
1083 925 1446 1014 videntur,
1540 925 1662 1027 qui
1730 933 2175 1012 statuerunt,
2273 949 2694 1001 sermonem
2771 927 3271 1003 Romanorum
3353 927 3558 1028 quasi
3641 951 3777 1000 no-

546 1070 716 1119 vum
763 1068 994 1145 usque
1047 1070 1145 1119 ex
1196 1070 1276 1120 se
1329 1044 1525 1147 gigni
1574 1069 1661 1119 ac
1709 1042 2113 1146 propagari.
2247 1041 2431 1117 Nam
2476 1069 2577 1119 ex
2627 1046 2848 1147 stirpe
2895 1049 3047 1144 jam
3106 1071 3257 1121 non
3294 1044 3549 1119 virenti
3601 1044 3776 1119 nulli

549 1162 904 1239 exsistunt
953 1162 1239 1237 surculi.
1348 1164 1593 1256 Quare
1648 1161 1771 1264 qui
1822 1161 1917 1236 de
1969 1162 2492 1264 propagatione
2544 1163 2905 1238 sermonis
2957 1163 3220 1252 dicunt,
3269 1164 3321 1239 ii
3373 1169 3571 1237 certe
3624 1186 3776 1237 non

546 1280 843 1382 proprie
890 1278 1301 1382 loquuntur.
1406 1281 1609 1368 Nam,
1662 1280 1723 1356 si
1771 1304 2023 1355 verum
2084 1279 2392 1380 quaeriS,
2477 1280 2752 1356 litterae
2802 1281 2965 1356 illae
3016 1289 3341 1356 veterum
3409 1280 3614 1381 quasi
3663 1305 3781 1354 re-

549 1399 724 1502 fingi
767 1397 1113 1474 imitando
1170 1407 1495 1497 possunt,
1543 1403 2032 1497 juvenescere
2086 1411 2159 1472 et
2210 1423 2686 1475 succrescere
2745 1423 2895 1474 non
2947 1408 3269 1500 possunt.
3390 1397 3546 1473 Nec
3595 1422 3778 1474 vero

546 1515 620 1594 in
667 1544 761 1593 eo
814 1517 1199 1620 quicquam
1251 1525 1377 1605 est,
1431 1516 1633 1620 quod
1682 1516 1957 1593 doleaS.
2063 1516 2246 1593 Sunt
2297 1516 2490 1591 enim
2546 1517 2811 1620 scripta
2834 1517 2953 1593 illa
2975 1543 3123 1593 non
3161 1526 3306 1591 tam
3356 1517 3451 1591 ad
3495 1510 3779 1592 imitari-

548 1637 720 1712 dum
752 1634 1140 1736 proposita,
1196 1660 1414 1737 quam
1463 1636 1555 1710 ad
1608 1636 2021 1722 sciendum3
2071 1660 2212 1709 nec
2262 1644 2406 1710 tam
2448 1661 2668 1711 manu
2708 1645 2781 1712 et
2830 1637 3013 1724 stilo,
3071 1659 3286 1738 quam
3338 1634 3650 1709 lectione
3704 1643 3778 1709 et

547 1754 900 1830 memoria
946 1754 1358 1829 recolenda.
1468 1752 1620 1828 Sed
1669 1754 1743 1828 in
1796 1753 1940 1828 hoc
1991 1754 2151 1855 ipso
2208 1763 2375 1828 sunt
2432 1754 2704 1829 omnia:
2757 1755 3057 1830 interest
3099 1753 3292 1828 enim
3347 1752 3442 1828 ad
3484 1776 3778 1827 omnem

549 1872 1055 1949 humanitatem
1142 1871 1528 1971 plurimum
1585 1872 1934 1976 cognosci
2010 1871 2126 1947 illa
2205 1884 2293 1947 et
2358 1873 2617 1960 recoli,
2697 1897 2885 1974 quae
2966 1874 3411 1973 scripserunt
3460 1881 3778 1947 veteres,

548 1992 750 2093 quod
797 1990 957 2065 fieri
1009 2016 1156 2065 non
1186 1999 1425 2090 potest
1474 1991 1608 2065 nisi
1659 1989 2114 2090 adjutoribus
2168 1988 2695 2078 AntibarbariS,
2753 2016 3063 2091 quorum
3119 1989 3217 2066 ob
3271 2017 3433 2067 eam
3487 2014 3780 2066 causam

546 2109 886 2186 latissime
959 2117 1205 2208 patere
1271 2108 1715 2209 provinciam
1771 2109 2302 2209 plurimumque
2353 2109 2711 2209 praebere
2754 2110 3065 2208 jucundi
3133 2109 3631 2212 utilissimique
3685 2108 3779 2183 ad

544 2227 856 2304 fructum
908 2226 1198 2313 laboris,
1254 2235 1827 2303 consentaneum
1877 2236 2005 2302 est.

844 2394 1025 2480 Jam,
1061 2417 1241 2467 vero
1294 2389 1389 2466 ad
1442 2389 1984 2494 grammaticum
2037 2414 2271 2491 genus
2325 2389 2646 2491 quodam
2699 2391 2927 2467 modo
2977 2390 3367 2466 reserenda
3420 2398 3531 2466 est
3580 2401 3780 2466 vete-

548 2537 709 2587 rum
756 2509 871 2586 illa
946 2510 1236 2586 dicendi
1311 2509 1492 2585 ratio
1568 2507 2143 2610 prudentissimis
2217 2507 2386 2582 artis
2448 2509 2858 2610 praeceptis
2906 2510 3270 2598 instructa,
3325 2508 3399 2583 in
3450 2533 3590 2612 qua
3627 2507 3784 2583 illu-

545 2629 835 2707 stranda
886 2639 959 2704 et
1009 2627 1454 2730 exponenda
1527 2652 1667 2701 nec
1734 2626 2132 2724 injucunde
2209 2650 2350 2700 nec
2428 2625 2765 2701 inutiliter
2829 2627 3328 2714 versabuntur,
3415 2627 3540 2728 qui
3612 2624 3779 2701 huic

546 2748 800 2852 generi
849 2747 1166 2821 animum
1219 2745 1633 2845 adjungent.
1758 2743 1942 2818 Nam
2021 2742 2382 2818 rhetorica
2455 2742 2574 2826 illa
2652 2744 2931 2820 etiamsi
2985 2745 3418 2846 quibusdam
3478 2744 3777 2820 forsitan

545 2866 926 2942 videantur
975 2863 1212 2937 minus
1248 2860 1681 2958 conducere
1729 2860 1835 2948 iis,
1916 2861 2040 2962 qui
2104 2859 2325 2936 hodie
2379 2860 2474 2939 ad
2534 2861 2851 2937 studium
2926 2862 3388 2970 eloquentiae
3459 2864 3777 2938 animum

547 2982 906 3082 adjiciant,
960 3003 1100 3054 nec
1139 2976 1537 3074 admodum
1571 2978 1893 3066 multum,
1950 3004 2098 3082 quo
2151 2979 2201 3053 ii
2259 2988 2566 3068 utantur,
2622 2980 2918 3056 oratorii
2969 2980 3257 3056 adferre
3308 2980 3777 3067 instrumenti,

548 3111 793 3177 tamen
845 3122 1137 3198 semper
1184 3096 1258 3170 in
1307 3096 1793 3172 monumentis
1846 3097 2273 3199 antiquitatis
2322 3123 2535 3173 suum
2590 3099 2834 3175 locum
2891 3099 3343 3188 obtinebunt.

854 3261 1009 3336 Nec
1050 3260 1124 3335 in
1169 3258 1466 3335 metrica
1515 3258 1632 3335 illa
1683 3269 1834 3336 arte
1884 3276 1955 3337 et
1997 3261 2072 3337 in
2130 3287 2238 3349 ea,
2296 3288 2515 3364 quam
2568 3264 2991 3363 prosodiam
3043 3263 3371 3349 dicimuS,
3440 3260 3613 3338 nihil
3662 3287 3778 3337 re-

556 3393 764 3469 stare,
820 3379 1020 3483 quod
1080 3385 1467 3481 quaeratur
1518 3387 1589 3453 et
1641 3379 2162 3483 pervistigctur,
2218 3380 2450 3482 quivis
2497 3380 2818 3483 intelligit
2886 3407 3036 3458 non
3086 3382 3449 3484 ignoranS,
3517 3390 3782 3483 quanta

556 3526 723 3582 cum
777 3493 1188 3578 difficultate
1238 3496 1313 3571 in
1361 3495 1832 3572 vetustiorum
1907 3508 2286 3599 poe'tarum
2364 3498 2804 3575 carminibus
2870 3499 3421 3601 pronuntiandis
3474 3498 3780 3573 recitan-

557 3618 812 3720 disque
866 3616 1252 3692 etiamnum
1302 3639 1702 3689 versemur.
1807 3615 1986 3690 Nam
2045 3625 2121 3693 ut
2172 3626 2416 3693 cetera
2467 3626 2856 3708 taceamuS,
2936 3619 3095 3721 quis
3156 3618 3389 3694 nescit
3450 3616 3778 3693 nondum

554 3736 722 3813 satis
770 3742 1125 3820 constare,
1178 3732 1352 3835 quid
1403 3733 1474 3807 in
1529 3733 1859 3808 Plautino
1909 3733 2032 3810 illo
2093 3745 2314 3824 textu,
2380 3762 2596 3837 quem
2625 3736 2917 3824 -dicunt,
2971 3762 3224 3812 verum
3281 3736 3370 3811 sit
3416 3743 3488 3811 et
3541 3734 3778 3837 probe

556 3855 799 3932 efferri
859 3852 1118 3953 possit,
1199 3850 1371 3952 quid
1437 3863 1688 3929 contra
1764 3853 2279 3941 adulterinum,
2351 3855 2527 3956 quid
2603 3854 2918 3956 denique
2968 3880 3223 3931 verum
3276 3854 3593 3956 quidem,
3646 3854 3781 3928 sed

478 3969 491 3984 '
561 3999 660 4050 ex
705 3970 1105 4049 temeritate
1155 3968 1466 4071 quadam
1522 3981 1593 4048 et
1635 3971 1925 4048 infantia
1977 3972 2144 4048 artis
2199 3972 2530 4075 poeticae
2585 3972 2872 4047 illorum
2921 3983 3335 4073 temporum
3380 3975 3669 4048 natum?

860 4154 1243 4227 Postremo
1280 4157 1537 4227 'autem
1583 4151 1645 4228 si
1694 4153 1855 4254 quis
1902 4151 2486 4239 consideraverit,
2545 4150 2718 4253 quid
2767 4150 2853 4225 iis
2912 4157 3134 4225 restet
3183 4146 3473 4232 laboriS,
3534 4143 3656 4245 qui
3704 4143 3777 4216 in

560 4272 855 4349 historia
904 4270 1294 4345 litterarum
1345 4269 1788 4357 Latinarum,
1850 4271 1924 4346 in
1992 4280 2342 4346 terrarum
2412 4269 2894 4371 locorumque
2973 4265 3492 4366 descriptione,
3568 4262 3642 4337 in
3697 4285 3777 4335 re

548 4391 849 4493 'publica
900 4396 972 4464 et
1023 4386 1241 4473 civili,
1290 4387 1361 4461 in
1411 4387 1941 4489 antiquitatibus
1984 4389 2102 4476 iis,
2155 4411 2341 4490 quae
2387 4387 2724 4462 dicuntur
2776 4386 3106 4487 proprie,
3161 4384 3235 4458 in
3293 4378 3775 4481 mytholog-ja,

559 4511 633 4586 in
690 4508 961 4584 artibus
1010 4504 1460 4593 liberalibus,
1527 4506 1602 4581 in
1652 4507 1912 4583 ceteris
1971 4506 2321 4609 denique,
2398 4507 2460 4581 si
2510 4530 2698 4607 quae
2748 4515 2946 4590 sunt,
3028 4502 3422 4578 litterarum
3493 4497 3775 4571 illarum

559 4625 950 4733 generibus
1005 4623 1474 4726 partibusque
1525 4634 1935 4712 versentur,
2009 4624 2070 4700 is
2120 4623 2487 4725 profecto,
2565 4624 2627 4698 si
2678 4622 2813 4698 erit
2860 4620 3303 4734 prudentior,
3354 4642 3502 4693 non
3555 4639 3779 4718 quae-

560 4757 688 4835 ret,
734 4769 907 4820 num
957 4743 1047 4819 sit
1093 4743 1482 4818 etiamnum
1534 4767 1796 4818 munus
1853 4742 2149 4844 aliquod
2198 4741 2639 4846 philologiae
2691 4740 3047 4841 antiquae,
3104 4748 3227 4814 aut
3275 4761 3449 4812 num
3497 4734 3604 4823 sit,
3645 4757 3779 4809 cur

559 4887 938 4967 speremus
984 4860 1164 4949 fore,
1239 4868 1312 4935 ut
1370 4858 1486 4935 illa
1535 4861 1802 4960 pariter
1852 4869 2068 4963 atque
2119 4872 2408 4938 ceterae
2460 4870 2652 4937 artes
2729 4860 3151 4959 litteraeque
3197 4855 3492 4959 vigeant
3541 4878 3778 4954 usque

561 4996 632 5063 et
685 4981 1084 5085 proficiant.

864 5122 1016 5198 Sed
1066 5120 1209 5196 hoc
1261 5129 1648 5222 utcumque
1690 5120 2122 5218 judicamus,
2179 5129 2378 5196 certe
2428 5118 2665 5195 studia
2723 5118 3115 5194 litterarum
3167 5115 3617 5217 antiquarum
3665 5108 3777 5185 his

562 5243 917 5348 proximis
970 5238 1338 5316 decenniis
1388 5238 1449 5313 si
1502 5263 1651 5314 non
1700 5238 2286 5327 increbruerunt,
2372 5245 2648 5312 tamen·
2673 5236 3130 5313 invaluerunt
3184 5241 3495 5335 suntque
3547 5228 3776 5330 magis

558 5365 868 5444 fortasse
920 5384 1135 5463 quam
1191 5366 1400 5433 antea
1453 5356 1760 5458 probata
1809 5366 2254 5460 acceptaque
2302 5354 2902 5459 ingeniosissimis
2960 5354 3174 5430 etiam
3226 5346 3637 5426 hominibus
3680 5345 3774 5421 ab
