4984 6517
3350 607 3523 693 1⁰9

597 835 912 896 crescunt
976 826 1041 896 in
1109 822 1455 922 cupidam,
1530 817 1690 895 hinc
1774 823 1931 897 inde
2009 823 2707 922 hennom-perviam,
2782 824 2976 922 apice
3047 822 3632 923 undulatocrispae

589 939 975 1014 fimbriatae.
1076 939 1320 1015 Refert
1363 941 1533 1016 haec
1586 942 1829 1041 cupula
1856 928 2106 1041 pileum
2143 946 2475 1041 integrum
2503 966 2874 1014 concavum
2925 942 3626 1045 sessilem,hy1nenio

588 1057 837 1145 infero,
911 1062 1103 1157 cujus
1178 1063 1423 1161 pagina
1472 1061 1711 1134 sterilis
1798 1059 2093 1159 undique
2171 1061 2492 1159 prolifero
2499 1086 2818 1133 -ramosa.
2965 1057 3172 1135 Certe
3247 1060 3628 1160 flagrantius

587 1176 972 1276 exemplum
1018 1178 1377 1253 identitatis
1428 1175 1898 1252 Merismatum
1952 1191 2020 1252 et
2072 1177 2657 1276 Thelephorarum
2688 1180 3053 1276 excogitari
3100 1181 3349 1279 nequit.
3420 1177 3624 1252 Plura

591 1297 960 1393 specimina
1013 1299 1253 1372 eximie
1302 1294 1669 1370 conformia
1727 1297 2206 1370 accidentalem
2261 1322 2398 1369 non
2451 1321 2608 1370 esse
2661 1295 2876 1369 lusum
2936 1300 3284 1371 testantur!
3672 1296 3681 1307 ⁸

455 1496 467 1512 .
590 1440 727 1515 ΤΗ.
785 1439 1217 1545 (Msmsm)
1266 1465 1620 1519 manns.
1725 1438 2123 1515 Schwein.!
2177 1440 2355 1540 Syn.
2408 1439 2578 1513 Am.

687 1582 771 1656 In
813 1579 1146 1657 Mexico:
1227 1583 1443 1681 Trap.
1499 1579 1594 1655 de
1640 1581 1710 1656 la
1762 1578 2233 1679 Conception.
2315 1576 2670 1655 Liebman.
2746 1576 3067 1678 Copiose
3127 1575 3202 1650 in
3269 1573 3618 1649 Carolina.

599 1699 982 1905 Gulgssecta,
1035 1820 1338 1892 coriacea
1396 1819 1560 1916 (nec
1603 1817 2114 1890 membranacea
2163 1829 2239 1889 ut
2298 1818 2423 1890 Th.
2471 1812 2925 1918 craspedia),
2974 1817 3172 1888 ramis
3201 1815 3442 1887 erectis
3477 1837 3624 1884 sur·

587 1963 735 2009 sum
813 1940 1162 2011 attenuatis
1236 1938 1479 2026 acutis,
1554 1934 1710 2007 hinc
1792 1961 1830 2006 a
1907 1935 2035 2007 Th.
2089 1936 2391 2007 candida
2453 1932 2689 2032 Epicr.
2738 1960 2807 2032 p.
2860 1932 3029 2006 538.
3113 1935 3286 2007 bene
3338 1930 3620 2004 diversa.

587 2051 843 2128 Forma
903 2055 1028 2130 Th.
1081 2055 1426 2130 clavulan·
1470 2055 1808 2154 proxima,
1858 2052 1984 2127 sed
2033 2052 2265 2126 colore
2314 2053 2686 2152 conspicue
2739 2050 2973 2125 differt.

1463 2237 1851 2315 Sannum.
1955 2237 2197 2339 Epicr.
2252 2265 2321 2339 p.
2379 2237 2547 2331 545.

461 2439 473 2455 .
592 2381 661 2455 S.
718 2378 1147 2484 (Mnsopns)
1196 2383 1702 2471 Juncnumm,
1788 2381 2237 2471 coriaceum,
2298 2406 2817 2468 concrescenS,
2882 2380 3076 2481 pileo
3128 2373 3617 2480 plano-infun-

592 2498 1028 2575 dibuliformi
1078 2499 1648 2576 fibroso-striato
1698 2500 1985 2604 integro
2038 2501 2401 2588 alutaceO,
2467 2500 2705 2602 stipite
2762 2498 3057 2574 neutrali
3126 2494 3407 2598 aequali
3478 2490 3619 2592 hy·

590 2618 982 2720 menioque
1027 2617 1215 2693 laevi
1268 2616 1526 2720 glabro
1580 2618 1845 2720 pallide
1897 2619 2540 2695 cinerascentibus.
2667 2619 2983 2721 Theleplt.
3037 2628 3299 2693 striata
3349 2610 3612 2715 Jungh.

592 2734 739 2809 Jav.
794 2761 864 2838 p.
932 2737 1029 2809 40
1081 2760 1232 2811 non
1283 2735 1382 2810 St.
1442 2735 1766 2811 striatmn
1816 2736 1936 2812 Fr.

681 2875 767 2948 In
816 2874 996 2948 Java
1036 2874 1230 2949 circa
1272 2873 1660 2950 Bataviam.
1715 2876 2102 2974 Junglmlm
2154 2873 2436 2976 aliique.

689 3015 1066 3093 Crescendi
1130 3018 1376 3092 modus
1439 3031 1509 3092 et
1571 3032 1820 3093 statura
1885 3018 2120 3122 Hydni
2188 3021 2569 3095 tomentosi.
2686 3015 3078 3091 Proximum
3132 3015 3239 3090 St.
3293 3012 3614 3110 infundi-

595 3132 971 3232 bulg'formi.

513 3255 540 3286 ⁸
587 3252 654 3328 S.
699 3251 1270 3332 DmAsscomm.
1375 3253 1577 3329 Link.
1636 3255 1861 3330 Color
1878 3252 2190 3352 junioris
2219 3261 2331 3329 est
2369 3251 3085 3354 fulvo-ferruginem,
3137 3247 3457 3348 indeque
3486 3240 3615 3315 vix

591 3371 821 3446 differt
893 3373 1436 3472 Hymenochaete
1480 3376 1822 3472 formosa
1892 3371 2186 3447 Leveill.
2251 3372 2445 3447 Ann.
2502 3372 2617 3447 Sc.
2680 3369 2833 3445 Nat.
2897 3369 3108 3442 1846.
3177 3368 3229 3441 Ι.
3300 3391 3368 3466 p.
3444 3362 3607 3433 151.

595 3489 793 3564 Haec
844 3490 1132 3589 species
1189 3498 1329 3578 est,
1385 3515 1532 3566 sec.
1587 3492 1803 3578 Link,
1895 3488 2188 3594 generis
2266 3489 2502 3565 Sterei
2566 3496 2818 3590 typuS,
2887 3511 3111 3588 quare
3176 3482 3321 3559 hoc
3382 3501 3614 3581 genus

595 3615 846 3683 exacte
897 3605 1129 3682 Linkii
1184 3632 1408 3683 sensu
1456 3609 1840 3684 restituens
1881 3616 1955 3683 et
1989 3631 2261 3683 nomen
2304 3632 2613 3683 necesse
2661 3612 3024 3682 servasset
3068 3602 3215 3677 Cel.
3269 3595 3607 3676 Leveille.

467 3799 479 3815 .
588 3743 651 3819 S.
707 3744 1234 3846 (Pmunopus)
1288 3772 1756 3825 ΒΕΝΙΓΟΒΜΕ.
1864 3747 2105 3848 Epicr.
2159 3774 2228 3851 p.
2290 3750 2456 3824 546.
2511 3750 2727 3825 Berk.
2800 3747 2876 3823 in
2945 3750 3135 3820 Ann.
3199 3743 3381 3819 Hist.
3454 3738 3609 3813 Nat.

593 3863 673 3938 X.
728 3873 773 3939 t.
829 3864 953 3937 XI.
1010 3861 1056 3937 f.
1119 3866 1231 3938 11.

685 4001 769 4075 In
820 3999 1142 4075 Brasilia.
1196 4002 1421 4075 Lund

684 4148 852 4224 Icon
903 4147 1301 4251 Berkeleyi‚
1376 4160 1672 4222 nostram
1753 4150 2054 4248 speciem
2132 4151 2372 4250 procul
2456 4152 2663 4225 dubio
2717 4151 2990 4236 sistens,
3067 4145 3322 4221 recedit
3373 4171 3411 4216 a
3461 4168 3611 4215 meo

598 4271 808 4368 stipite
861 4269 1190 4356 breviori,
1240 4268 1419 4368 pileo
1471 4269 1708 4341 minori
1758 4267 2026 4356 bilobo,
2080 4272 2191 4368 qui
2241 4272 2306 4341 in
2360 4296 2514 4343 meo
2566 4269 2777 4356 latior,
2829 4271 3120 4367 integer,
3175 4261 3564 4339 reniformis.

466 4463 481 4479 .
595 4409 656 4484 S.
705 4408 1138 4515 (MsmsMA)
1188 4433 1648 4487 pascua-um.
1754 4413 1995 4513 Epicr.
2034 4439 2102 4514 p.
2164 4413 2331 4487 546.

685 4549 768 4623 In
815 4548 1138 4625 Mexi00.
1193 4551 1546 4626 Liebman.

464 4740 480 4756 .
601 4687 663 4762 S.
719 4690 1000 4792 (Apus)
1056 4690 1392 4768 omnm.
1499 4693 1739 4794 Epicr.
1791 4721 1860 4796 p.
1903 4695 2079 4774 547.
2152 4701 2465 4803 Theleplae.
2518 4698 2713 4776 Nees
2765 4699 2808 4775 l.
2863 4724 2925 4776 c.
2976 4709 3022 4776 t.
3080 4701 3147 4774 2.

596 4834 855 4911 Forma
904 4840 1143 4936 major
1214 4837 1405 4943 (Th.
1472 4842 1723 4915 Ostrea.
1786 4840 2049 4945 Jungh.
2101 4845 2291 4947 Jav.)
2361 4845 2437 4920 in
2493 4845 2680 4920 Pulo
2733 4844 3044 4948 Pinang,
3130 4842 3490 4917 Didrichs.
3541 4864 3610 4915 n.

591 4953 705 5040 20;
755 4953 994 5029 forma
1050 4955 1289 5032 minor
1327 4957 1516 5063 (Th.
1572 4962 1878 5035 concolor
1926 4959 2187 5065 Jungh.
2215 4962 2258 5037 l.
2290 4968 2385 5060 c.)
2413 4963 2488 5037 in
2537 4963 2722 5038 Pulo
2772 4961 2970 5037 Milu.
3025 4961 3385 5036 Didrichs.
3416 4988 3481 5032 n.
3515 4968 3608 5034 18.

681 5094 927 5173 Exstat
975 5125 1252 5200 quoque
1302 5104 1529 5178 similis
1588 5108 1857 5204 species
1909 5109 2160 5195 minor,
2212 5110 2393 5209 pileo
2467 5135 2682 5182 azono
2742 5109 3040 5210 undique
3091 5111 3612 5209 griseo-tomen-

599 5225 769 5308 toso,
841 5216 1158 5320 hymenio
1239 5222 1826 5322 cinereo-pallido,
1897 5225 2023 5300 sed
2089 5228 2261 5301 inter
2305 5228 2544 5302 multas
2594 5228 2950 5328 pel-affines
3001 5228 3185 5302 nolui
3232 5252 3444 5300 novas
3493 5223 3612 5296 ad-

603 5332 746 5411 dere
791 5349 891 5428 et,
937 5340 1004 5412 ni
1046 5337 1271 5430 fallor,
1320 5366 1472 5416 cum
1524 5341 1664 5417 aliis
1713 5342 1910 5441 hujus
1954 5348 2184 5445 gregis
2233 5345 2464 5422 formis
2513 5349 2646 5446 jam
2673 5347 3029 5448 descripta.
