4984 6517
1395 595 1567 682 282

1272 833 1475 895 nem,
1530 805 1624 882 ad
1680 828 1897 907 quam
1953 800 2338 877 columnae
2396 808 2566 877 sunt
2609 825 2928 887 arrosae,
2984 808 3058 876 et
3082 826 3306 901 quum
3334 827 3527 878 anno
3562 804 3756 880 1749
3793 800 3914 878 hic
3951 801 4164 878 limus
4194 800 4539 877 fodiendo

1267 926 1662 1009 tolleretur,
1718 931 1792 996 ut
1844 918 2387 993 examinaretur
2438 917 2885 1005 aediticium,
2911 918 3242 994 lacunam
3276 945 3513 1022 aquae
3554 920 3796 1022 (lagu
3824 926 3909 1021 n)
3939 920 4131 994 circa
4166 919 4543 995 columnas

1274 1042 1519 1127 fuisse,
1570 1039 1647 1113 in
1698 1062 1843 1139 qua
1892 1034 2258 1111 Pholades
2297 1044 2786 1122 versarentur,·
2840 1059 2942 1111 ex
2995 1060 3090 1109 eo
3139 1042 3473 1137 tempore
3514 1038 3768 1113 ruinae
3808 1038 4080 1112 eodem
4128 1049 4548 1113 manserunt

1279 1160 1471 1243 loco,
1525 1155 1729 1257 quod
1769 1152 2032 1254 probat
2059 1149 2170 1225 his
2214 1160 2506 1226 centum
2532 1152 2738 1227 annis
2784 1161 3054 1228 terram
3092 1153 3188 1228 ad
3215 1179 3416 1229 mare
3441 1153 3609 1230 nihil
3639 1180 3806 1231 esse
3841 1164 4215 1240 mutatam3
4270 1164 4342 1229 at
4375 1155 4547 1256 quid

1283 1289 1553 1376 posset,
1608 1270 1886 1346 etiamsi
1940 1268 2127 1343 sacta
2174 1276 2389 1353 esset,
2439 1269 2760 1369 probare
2815 1270 3112 1344 mutatio
3165 1270 3238 1344 in
3302 1271 3607 1374 regione
3655 1271 4029 1358 Vulcania,
4087 1272 4211 1346 ubi
4265 1269 4545 1347 insulae

1287 1389 1652 1468 interdum
1704 1393 2021 1488 surgant,
2080 1384 2446 1460 interdum
2503 1412 2756 1461 rursus
2818 1397 3274 1463 evanescant.

1626 1540 1850 1634 Quod
1901 1537 2126 1614 attulit
2176 1539 2253 1612 L.
2314 1564 2379 1612 v.
2433 1538 2649 1613 Buch
2704 1539 2799 1613 de
2849 1538 3158 1640 regione
3222 1540 3416 1615 circa
3491 1537 3988 1614 Christianiam
4066 1538 4264 1614 licuit
4337 1539 4552 1614 nobis

1292 1662 1470 1761 ipsis
1535 1657 1959 1734 examinare
2014 1662 2349 1755 tempore
2414 1665 2820 1730 conventus
2871 1667 3171 1731 naturae
3220 1666 3703 1732 scrutatorum
3771 1681 3965 1731 anno
4041 1658 4264 1742 1844,
4331 1681 4552 1756 quum

1299 1779 1423 1854 illo
1493 1779 1654 1877 ipso
1709 1775 1900 1849 duce
1967 1773 2039 1847 in
2090 1770 2228 1846 hac
2291 1774 2597 1874 regione
2667 1774 3151 1848 excursiones
3201 1772 3628 1849 faceremus.
3738 1775 4046 1849 Errasse
4099 1773 4557 1873 Leopoldum

1302 1923 1367 1970 ν.
1428 1892 1664 1979 Buch,
1733 1888 1935 1992 quod
1977 1892 2133 1985 jam
2184 1889 2342 1989 ipse
2396 1904 2506 1965 est
2552 1890 2990 1988 suspicatus,
3052 1903 3203 1968 tum
3257 1917 3391 1991 pro
3450 1900 3654 1966 certo
3724 1891 4250 1991 comperimus,
4333 1916 4556 1992 quum

1305 2012 1725 2087 videremus
1773 2006 2283 2080 formationem
2334 2005 2714 2081 calcariam
2768 2007 2840 2082 in
2895 2008 3147 2082 infimo
3191 2007 3381 2082 colle
3404 2010 3867 2084 Paradisiaco
3910 2008 4563 2110 (Paradisbacken)
4653 2041 4666 2054 ·

1308 2156 1352 2204 e
1435 2152 1623 2203 saxo
1717 2122 2029 2198 calcario
2113 2123 2474 2221 primitivo
2547 2133 2883 2199 constare
2958 2150 3177 2225 supra
3231 2126 3580 2200 Graniten
3635 2125 4210 2226 antiquissimum
4263 2125 4564 2200 rubrum

1312 2246 1571 2347 posit0,
1631 2240 1897 2343 passim
1953 2249 2194 2314 autem
2249 2239 2450 2314 calce
2503 2242 2941 2316 transitionis
2989 2267 3156 2316 cum
3205 2240 3662 2341 petraefactis
3713 2252 3928 2317 tecto.
3987 2244 4218 2318 Error
4267 2243 4452 2317 alter
4478 2243 4567 2317 ad

1314 2360 1826 2463 Tyveholmen
1872 2357 2303 2432 observatus
2358 2369 2499 2442 est;
2550 2357 2651 2433 ibi
2705 2359 2896 2433 enim
2951 2358 3281 2434 formatio
3334 2359 3772 2434 transitionis
3812 2359 4191 2435 manifeste
4236 2359 4574 2459 Porphy-

1317 2481 1470 2555 ritae
1531 2476 1859 2553 Euritico
1928 2482 2037 2548 est
2084 2484 2557 2573 superstrata;
2622 2476 2864 2576 itaque
2925 2501 3045 2549 res
3114 2484 3225 2550 est
3272 2483 3525 2550 contra
3576 2485 3797 2578 atque
3856 2477 4170 2551 narravit
4220 2502 4286 2550 v.
4339 2476 4562 2552 Buch.

1319 2599 1457 2673 His
1511 2592 1916 2670 observatis
1971 2601 2043 2665 et
2100 2591 2450 2665 correctis
2505 2592 2752 2691 opinio
2803 2596 2997 2689 ejus,
3027 2591 3536 2667 formationem
3596 2593 4082 2692 crystallinam
4109 2619 4333 2693 supra
4353 2603 4577 2670 trans·

1321 2714 1560 2791 itionis
1635 2709 2145 2786 formationem
2200 2733 2368 2782 esse
2417 2717 2742 2795 stratam,
2794 2735 2976 2784 vana
3027 2711 3123 2783 fit.
3229 2711 3480 2784 Restat
3512 2720 3774 2795 tamen,
3833 2719 3905 2784 ut
3951 2711 4268 2784 animum
4323 2712 4576 2787 adver-

1325 2842 1557 2906 tamus
1613 2828 1706 2902 ad
1759 2826 2093 2901 ordinem
2149 2850 2502 2900 saxorum
2557 2827 3143 2925 crystallinorum
3185 2828 3371 2902 inter
3396 2853 3480 2902 se
3514 2851 3962 2928 perversum,
3983 2831 4135 2925 jam
4166 2828 4576 2904 indicatum.

1330 2952 1541 3041 Quae
1612 2960 1854 3020 tamen
1914 2943 2087 3017 nibil
2149 2968 2191 3017 a
2254 2943 2464 3018 solita
2533 2943 2951 3043 discrepare
3025 2945 3416 3044 reperitur,
3499 2943 3903 3018 dummodo
3958 2945 4372 3047 diligentius
4426 2973 4580 3046 spe·

1330 3067 1481 3140 cies
1531 3062 1931 3138 habeamus
2010 3059 2374 3147 definitas,
2448 3060 2942 3162 sciamusque,
3020 3061 3082 3135 si
3139 3061 3656 3161 exceperimus
3745 3062 4096 3137 Graniten
4173 3065 4578 3164 antiquissi-

1333 3207 1529 3256 mum
1624 3178 1925 3253 rubrum
1977 3177 2048 3250 in
2102 3176 2290 3251 colle
2346 3177 2807 3252 paradisiaco
2861 3187 2934 3252 et
2983 3178 3288 3253 sortasse
3346 3178 3440 3253 ad
3485 3181 3805 3265 Hurum,
3862 3180 4194 3255 Stromso
4244 3197 4317 3256 et
4367 3184 4580 3285 Eger,

1330 3317 1592 3383 cetera,
1652 3320 1842 3397 quac
1891 3319 1935 3367 a
1987 3294 2213 3394 Leop.
2269 3320 2335 3367 v.
2387 3293 2603 3367 Buch
2652 3302 3008 3369 vocantur
3055 3296 3427 3382 Granites,
3511 3297 3854 3396 Syenites
3908 3313 3980 3372 et
4023 3324 4287 3373 saxum
4330 3325 4582 3374 arena·

1334 3442 1579 3501 ceum,
1634 3413 1727 3487 ad
1781 3411 2292 3486 formationem
2346 3407 2831 3510 Porphyritae
2883 3413 3181 3487 Euritici
3231 3414 3631 3513 pertinere,
3688 3415 3910 3515 inque
3972 3441 4062 3489 ea
4108 3416 4237 3490 bas
4267 3418 4582 3517 species,

1333 3559 1522 3637 quae
1578 3528 1957 3605 manifeste
2017 3526 2109 3601 ab
2178 3525 2334 3600 aliis
2410 3528 2792 3616 Granitae,
2843 3529 3193 3629 Syenitae
3240 3538 3313 3604 et
3380 3530 3541 3603 saxi
3586 3532 3925 3606 arenacei
3977 3533 4373 3632 speciebus
4425 3550 4589 3611 sunt

1338 3652 1691 3732 diversae,
1746 3645 1937 3719 inter
1980 3668 2062 3718 se
2109 3642 2330 3745 vulgo
2376 3644 2756 3719 alternare.
2823 3647 3196 3721 Formatio
3244 3646 3564 3722 Euritica
3615 3648 3936 3723 Gneisso
3991 3657 4102 3724 est
4149 3663 4588 3751 superstrata

1336 3767 1476 3853 tali,
1552 3764 1765 3866 quale
1835 3762 1911 3836 in
1984 3760 2411 3862 regionibus
2485 3763 2886 3837 litoralibus
2953 3764 3483 3863 Septentrionis
3552 3791 3945 3840 commune
3997 3783 4142 3854 est,
4198 3769 4405 3869 quod
4457 3796 4591 3846 nos

1343 3881 1766 3957 vocavimus
1832 3879 2226 3953 Gneissum
2303 3878 2645 3954 ferreum.
2756 3880 2980 3971 Quod
3032 3882 3112 3954 L.
3176 3905 3243 3954 V.
3290 3879 3496 3955 Buch
3543 3882 3814 3982 putavit
3857 3884 4209 3984 Syeniten
4271 3886 4594 3961 Zirconi-

1347 4023 1512 4073 cum
1584 3995 1749 4071 heic
1821 4020 1987 4070 esse
2048 3996 2625 4070 recentissimum
2709 3996 3066 4083 omnium,
3145 4022 3584 4098 quamquam
3665 3998 3888 4102 vulgo
3977 4002 4297 4076 Gneisso
4350 4001 4593 4078 ferreo

1349 4113 1748 4191 admodum
1805 4120 1915 4187 cst
1966 4112 2230 4198 affinis,
2283 4112 2357 4185 id
2414 4120 2656 4212 potest
2700 4113 2996 4210 intelligi
3037 4140 3135 4189 ex
3198 4116 3305 4201 iis,
3359 4141 3550 4217 quae
3607 4128 3849 4191 narrat
3899 4119 4216 4193 Keilhau
4267 4120 4340 4194 in
4397 4124 4602 4196 Gaea

1349 4231 1790 4331 Norvegica,
1872 4229 2228 4328 Syeniten
2307 4230 2752 4304 zirconicum
2836 4230 3059 4334 vulgo
3143 4230 3306 4306 heic
3401 4258 3568 4307 esse
3642 4242 3941 4308 stratum
4020 4235 4094 4308 in
4177 4237 4602 4337 regionibus

1352 4348 1665 4433 Gneissi,
1714 4347 1926 4421 etiam
1979 4346 2086 4430 iis,
2138 4346 2210 4420 in
2264 4347 2529 4447 quibus
2570 4347 3043 4424 formationes
3095 4349 3459 4424 Euriticae
3509 4351 3851 4451 incipiant
3901 4353 4093 4427 oriri.
4201 4354 4451 4455 Itaque
4507 4356 4610 4430 bis

1353 4466 1704 4543 correctis
1771 4464 1959 4539 ordo
2028 4473 2418 4539 stratorum
2478 4466 2552 4540 in
2597 4467 2902 4564 regione
2954 4467 3146 4540 circa
3199 4465 3696 4543 Christianiam
3760 4469 3914 4545 fere
3973 4471 4422 4545 conveniens
4478 4474 4608 4546 erit

1359 4584 1597 4659 ordini
1659 4582 1730 4656 in
1805 4580 1961 4655 aliis
2038 4579 2235 4654 orbis
2310 4582 2634 4682 partibus
2687 4582 3110 4667 observato;
3186 4584 3319 4657 sed
3390 4584 3613 4659 nihilo
3665 4587 3903 4661 minus
3949 4613 4047 4662 ex
4094 4586 4236 4661 boc
4286 4590 4613 4690 sequitur

1359 4687 1787 4800 Orologiam
1841 4697 2298 4772 emendatam
2354 4723 2520 4772 esse
2563 4697 2706 4771 boc
2733 4710 3068 4799 tempore
3097 4700 3191 4773 ad
3221 4725 3660 4802 progressus
3689 4704 4608 4805 Geologiaenecessariam.

1412 4931 1426 4944 ,
1662 4850 1833 4924 Hoc
1884 4849 2076 4923 adeo
2135 4850 2628 4925 necessarium
2684 4849 2899 4924 nobis
2949 4852 3182 4925 visum
3235 4863 3346 4925 est
3395 4859 3720 4927 naturam
3776 4855 4110 4930 locorum
4164 4882 4258 4930 eo
4314 4860 4613 4935 consilio

1363 4964 2002 5068 perscrutantibus,
2045 4974 2122 5039 ut
2173 4967 2747 5067 Geognosticam
2806 4993 3142 5069 mappam
3198 4968 3508 5043 Sueciae
3558 4973 3917 5070 perficere
3968 4998 4374 5073 possemus,
4425 5003 4612 5052 nunc

1366 5097 1604 5158 sumtu
1661 5081 2047 5156 Societatis
2116 5081 2632 5157 fabricatorum
2688 5083 2861 5160 ferri
2924 5088 3634 5184 (Bruks-Societeten)
3683 5091 4081 5176 edendam,
4139 5102 4212 5166 ut
4254 5096 4408 5189 jam
4468 5104 4614 5169 tum

1364 5196 1979 5298 recognitionem,
2031 5224 2248 5299 quam
2302 5225 2496 5274 nunc
2548 5202 2996 5300 peregimuS,
3051 5203 3144 5276 ad
3191 5229 3347 5278 rem
3404 5208 4008 5307 praeparandam,
4065 5234 4376 5284 necesse
4432 5223 4620 5286 esset

1368 5319 1644 5402 facere3
1737 5323 1810 5389 ut
1880 5317 2169 5416 species
2223 5315 2314 5389 ad
2372 5331 2697 5391 naturam
2764 5320 3289 5395 convenienter
3337 5321 3642 5400 definire
3698 5351 4137 5401 conaremur
4199 5329 4620 5425 praesertim
