4984 6517
3483 611 3655 697 349

804 819 1102 922 Species
1160 831 1265 896 est
1315 818 1761 895 Eucheumati
1816 818 2068 896 Serrae
2120 822 2190 896 J.
2245 820 2386 917 Ag.
2440 819 2482 894 I.
2541 848 2596 893 c.
2634 848 2718 921 p.
2770 831 2902 898 626
2950 825 3138 899 certe
3183 829 3471 903 maxime
3522 831 3768 920 affinis,

507 967 657 1014 cum
712 965 845 1040 qua
890 949 1462 1039 tamen,propter
1519 938 1803 1038 papillas
1854 940 2246 1038 singulareS,
2276 950 2575 1012 nostram
2630 944 3045 1041 conjungere
3097 970 3230 1016 non
3282 947 3615 1022 volumus.
3666 992 3766 1007 -

502 1056 587 1131 E.
642 1055 894 1133 Serrae
946 1060 1182 1158 spinae
1244 1058 1366 1129 1-4
1424 1057 1631 1129 lineas
1658 1057 1938 1154 longae,
1983 1082 2020 1128 a
2060 1054 2208 1131 basi
2235 1057 2449 1128 latiori
2485 1060 2899 1133 acuminatae
2924 1073 2993 1134 et
3025 1062 3410 1150 subulatae,
3440 1066 3506 1137 in
3534 1079 3765 1139 nostra

504 1179 736 1275 specie
790 1204 923 1250 non
977 1178 1445 1260 observantur,
1496 1175 1611 1246 ubi
1660 1176 1724 1247 in
1782 1199 2010 1248 earum
2066 1176 2233 1248 locis
2294 1174 2586 1272 papillae
2639 1174 2900 1249 adsunt.

905 1322 975 1394 2.
1052 1319 1496 1396 Euenum
1555 1339 2159 1394 senmocaapmu
2214 1317 2505 1392 Aresck.

809 1453 1065 1530 Thallo
1117 1454 1334 1554 plano
1388 1477 1678 1528 sursum
1730 1451 1966 1527 latiori
2023 1450 2448 1526 reticulatim
2502 1474 2780 1554 rugoso
2834 1452 3162 1555 margine
3210 1482 3399 1559 vage
3460 1458 3764 1535 distiche

505 1572 1344 1674 decomposito-pinnato
1422 1580 1496 1646 et
1577 1568 1974 1668 interjectis
2043 1569 2386 1644 ramentis
2436 1568 3051 1670 spinaeformibus
3105 1571 3448 1661 obsesso,
3501 1601 3765 1675 sporo·

502 1689 762 1790 carpiis
797 1688 1432 1765 transformatione
1483 1701 1983 1763 ramentorum
2035 1687 2316 1763 exortis
2371 1686 3019 1763 2-3-corniculatis.

804 1824 930 1899 Ad
986 1849 1190 1899 oram
1242 1822 1785 1910 Brasiliensem,
1840 1847 2073 1923 prope
2126 1820 2661 1897 Pernambuco.

808 1959 1089 2034 Thallus
1119 1988 1158 2034 e
1194 1961 1364 2033 callo
1398 1958 1670 2031 radicali
1702 1986 1916 2058 parvo
1942 1984 2161 2057 usque
2196 1958 2644 2056 5-pollicaris,
2671 1960 2921 2033 coloris
2949 1961 3766 2062 badio-purpurascentis,

502 2082 810 2178 utrinque
889 2080 1276 2152 reticulatim
1350 2103 1678 2175 rugosus»,
1730 2078 1877 2150 basi
1928 2076 2257 2149 interdum
2309 2089 2706 2176 angustatus
2769 2104 2891 2150 sev
2945 2081 3765 2181 subtereti-compressus,

500 2223 662 2271 mox
711 2224 876 2270 vero
930 2197 1199 2268 omnino
1254 2197 1525 2294 planus,
1603 2198 1901 2293 margine
1955 2220 2129 2293 vage
2177 2207 2246 2268 et
2299 2195 2584 2269 distiche
2638 2197 2950 2293 pinnatus
3006 2209 3074 2268 et
3125 2202 3440 2272 ramentis
3496 2203 3764 2298 spinae·

501 2314 847 2402 formibus,
903 2317 1014 2387 vix
1065 2315 1304 2387 lineam
1364 2314 1781 2399 distantibus,
1826 2340 2005 2385 nunc
2053 2314 2409 2386 immutatis
2461 2315 2881 2413 simplicibus
2933 2341 3112 2387 nunc
3143 2317 3208 2386 in
3234 2318 3474 2414 pinnas
3524 2321 3763 2417 pinnu—

501 2435 686 2507 lasve
738 2435 894 2532 plus
944 2436 1160 2506 minus
1214 2432 1533 2516 evolutis,
1586 2434 1757 2505 inter
1807 2444 2128 2530 utrasque
2185 2443 2492 2515 ornatus3
2551 2434 2906 2531 primarius
2960 2444 3029 2506 et
3080 2436 3323 2531 pinnae
3377 2436 3765 2533 elongatae,

499 2554 669 2625 inter
742 2579 818 2625 se
903 2550 1356 2651 magnitudine
1426 2552 1758 2623 variantes
1842 2548 1964 2623 sed
2043 2552 2433 2648 superiores
2488 2550 2694 2648 vulgo
2744 2552 3132 2638 breviores,
3190 2578 3409 2651 usque
3463 2553 3510 2623 4
3555 2552 3765 2626 lineas

501 2668 832 2744 interdum
913 2671 1058 2744 lata.
1161 2667 1494 2742 Ramenta
1549 2668 2052 2766 spinaefornnia,
2111 2693 2262 2739 cum
2317 2668 2642 2767 simplicia
2698 2681 2883 2751 sunt,
2934 2670 3342 2743 semilineam
3397 2670 3436 2742 l.
3493 2671 3764 2758 lineam,

499 2814 649 2860 cum
705 2790 1011 2886 longiora
1060 2801 1244 2873 sunt,
1293 2789 1694 2887 plerumque
1743 2788 2020 2885 spinosa
2070 2786 2110 2857 l.
2168 2811 2450 2872 ramosa,
2476 2786 2771 2884 indeque
2809 2789 3051 2885 pinnae
3105 2788 3145 2859 l.
3190 2783 3504 2886 pinnulae
3537 2789 3764 2862 forsan

498 2909 725 3005 potius
804 2904 1221 2979 nominanda.
1353 2903 1821 3004 Sporocarpia
1894 2904 2308 3002 marginalia,
2382 2904 2679 2978 breviter
2745 2904 3179 3003 pedicellata,
3246 2904 3763 3003 subspbaerica,

499 3051 672 3124 poro
726 3037 1036 3124 pertusa,
1108 3023 1688 3097 transformatione
1755 3034 2208 3096 ramentorum
2281 3021 2826 3121 spinaeformium
2882 3035 3147 3108 exorta,
3199 3049 3375 3095 nunc
3426 3025 3763 3096 unicorni-

500 3144 747 3225 culata,
798 3170 884 3216 ex
931 3143 1247 3215 ramentis
1297 3142 1751 3239 simplicibus,
1804 3166 1980 3214 nunc
2030 3140 2644 3227 2-3-corniculata,
2694 3168 2777 3214 ex
2837 3145 3149 3214 ramentis
3203 3143 3489 3214 ramosis
3547 3154 3763 3215 trans-

501 3273 765 3332 mutata.
871 3257 1400 3360 Sporopborum
1453 3286 1928 3357 permagnum,
1982 3260 2043 3329 in
2101 3284 2325 3330 ramos
2378 3260 2845 3356 subglobosos
2899 3259 3152 3331 densos
3219 3262 3616 3358 sporigeros
3662 3260 3757 3332 di-

500 3380 733 3451 visum.
822 3376 1094 3477 Sporae
1149 3380 1484 3451 obovatae
1532 3381 1594 3449 in
1649 3378 1771 3448 lilis
1824 3377 2104 3447 ramosis
2157 3380 2459 3450 seriatae.

802 3514 1225 3587 Structura:
1344 3510 1643 3585 Stratum
1722 3510 2015 3585 centrale
2090 3537 2129 3584 e
2206 3510 2331 3585 filis
2409 3514 2812 3586 tenuissimis
2890 3511 3508 3609 longitudinalibus,
3559 3514 3761 3586 inter-

502 3632 792 3706 medium
872 3658 913 3705 e
986 3631 1240 3704 cellulis
1322 3631 1625 3702 maximis
1704 3629 2498 3728 subangulato·ellipticis
2577 3633 2807 3704 vacuis
2870 3630 2910 3701 l.
2963 3630 3239 3727 granula
3321 3630 3474 3728 plus
3545 3634 3760 3704 minus

499 3776 859 3824 numerosa
934 3748 1460 3848 excipientibus,
1511 3746 1904 3830 conflatum
1976 3757 2252 3820 stratum
2319 3748 2636 3822 corticale
2712 3775 2751 3821 e
2828 3746 3083 3820 cellulis
3151 3747 3439 3846 duplicis
3492 3751 3761 3845 generis

498 3881 987 3954 constructum,
1025 3867 1451 3940 interioribus
1504 3865 1761 3940 scilicet
1812 3866 2213 3961 majoribus,
2266 3865 2539 3964 granula
2597 3866 3088 3962 excipientibus
3141 3877 3210 3937 et
3267 3866 3764 3952 rotundatis,et

498 3988 943 4061 exterioribus
994 3987 1276 4058 minimis
1326 3985 1643 4058 coloratis
1696 3984 2225 4058 monilil'ormiter
2275 3983 2616 4057 ordinatis.

800 4119 1099 4194 Fructus
1149 4121 1421 4218 generis
1467 4117 1952 4192 Eucheumatis
2009 4144 2413 4218 quamquam
2464 4117 2621 4190 mihi
2674 4129 2780 4191 est
2811 4119 3114 4215 ignotus,
3155 4129 3377 4191 tamen
3409 4145 3559 4192 cum
3595 4146 3760 4218 pro-

496 4250 650 4339 pter
699 4238 996 4312 habitum
1051 4251 1187 4310 tum
1250 4238 1343 4318 ob
1416 4249 1852 4322 structuram,
1899 4248 1972 4308 ut
2022 4236 2192 4310 baec
2240 4235 2424 4334 apud
2474 4233 2685 4308 Harv.
2737 4238 2800 4307 in
2854 4232 3024 4308 Ner.
3078 4233 3233 4308 Am.
3285 4238 3432 4314 bor.
3486 4263 3552 4335 p.
3614 4236 3757 4309 118

495 4357 916 4443 describitur,
966 4368 1263 4436 nostram
1345 4355 1638 4453 plantam
1718 4355 1802 4427 ad
1876 4353 2036 4428 illud
2103 4382 2322 4454 genus
2377 4354 2629 4429 referre
2681 4380 2814 4425 non
2877 4352 3132 4428 dubito.
3234 4351 3347 4428 An
3406 4378 3569 4425 vero
3624 4356 3754 4449 jam

495 4489 683 4549 antea
741 4478 825 4548 sit
871 4474 1241 4572 descripta,
1296 4474 1415 4546 alia
1470 4487 1576 4548 est
1603 4476 1943 4570 quaestio,
1997 4500 2148 4548 nam
2203 4472 2423 4546 Ench.
2481 4471 2823 4545 Gelidium
2870 4469 2935 4544 J.
2991 4467 3121 4567 Ag.
3183 4466 3311 4569 Sp.
3361 4471 3430 4542 2.
3486 4499 3551 4569 p.
3609 4471 3756 4546 627

496 4594 722 4694 quoad
777 4593 1300 4692 descriptionem
1346 4619 1478 4664 non
1534 4593 1705 4664 male
1760 4596 1823 4666 in
1870 4604 2167 4672 nostram
2200 4591 2409 4676 cadit;
2465 4603 2688 4669 nostra
2726 4605 2945 4666 autem
2975 4590 3241 4664 differre
3268 4590 3529 4661 videtur
3554 4588 3758 4660 thallo

497 4716 769 4785 omnino
826 4712 1043 4811 plano.
1151 4707 1374 4789 Quam
1425 4709 1513 4782 de
1564 4723 1794 4784 cetero
1848 4714 1911 4783 in
1966 4708 2256 4789 Herbar.
2312 4708 2703 4808 Aspegreni
2740 4708 2868 4782 vidi
2900 4710 3225 4808 plantam,
3281 4707 3758 4805 Agardhianae

496 4831 788 4928 speciei,
839 4846 909 4901 ut
961 4830 1223 4926 opinor,
1278 4840 1546 4936 typum,
1598 4856 1745 4900 eam
1801 4854 1953 4902 cum
2009 4842 2233 4901 nostra
2289 4830 2706 4925 conjungere
2757 4852 3047 4925 nequeo.

1231 4997 1427 5076 XVI.
1509 4996 2249 5072 ACROPELTIS
2307 4999 2529 5073 Alone.
2588 5041 2679 5053 —
2735 4995 2807 5068 J.
2867 4997 3004 5093 Ag.

907 5135 967 5207 1.
1048 5135 1543 5213 Acaopnms
1595 5155 2033 5208 PROLIFERA
2092 5132 2377 5204 Ares-ch.

798 5265 1057 5340 Thallo
1135 5266 1699 5343 membranaceo
1781 5266 2174 5341 sublineari
2252 5265 2558 5365 repetite
2636 5262 3060 5338 dichotomo
3132 5274 3204 5338 et
3271 5260 3754 5362 prolificante.

3350 5379 3447 5451 46
