4984 6517
1395 548 1508 637 26

1490 793 1606 841 sus
1624 823 1665 852 ,.
1719 778 1823 843 sat
1881 765 2142 851 firmus,
2197 765 2518 852 obtusus,
2596 764 2839 853 laevis,
2909 765 3177 865 glaber,
3257 766 3521 866 griseus
3538 822 3557 853 ,
3613 765 4012 865 pallescens.
4142 761 4413 871 Nobilis
4458 782 4518 841 et

1491 885 1683 959 facile
1727 886 2073 982 recognita
2126 885 2415 982 species.

1285 1045 1385 1112 0¹9.
1488 1036 1635 1110 Ac.
1686 1035 2174 1133 (Psmocnz)
2224 1053 2670 1108 romusncn.
2776 1031 3017 1132 Epicr.
3069 1058 3137 1133 p.
3194 1040 3337 1107 227.

1586 1168 1713 1244 Ad
1763 1166 2327 1242 Descansadero
2388 1168 2465 1243 in
2519 1171 2738 1245 Costa
2781 1170 2982 1246 Rica.

1284 1323 1386 1388 20.
1487 1312 1636 1386 Ac.
1707 1309 2192 1411 (Psarnm)
2257 1330 2815 1386 Psenno'rnunn
2829 1369 2849 1398 ,
2950 1309 3147 1411 pileo
3226 1309 3615 1387 carnosulo
3695 1312 4194 1413 campanulato
4272 1310 4520 1414 glabro

1486 1428 1671 1503 laevi
1722 1423 2493 1526 helvolo-pallescente
2509 1484 2527 1514 ,
2591 1428 2827 1528 stipite
2891 1429 3223 1506 fistuloso
3281 1428 3566 1531 aequali
3639 1429 3842 1505 nudo
3897 1427 4243 1507 deorsum
4298 1428 4522 1505 ferru-

1486 1544 1937 1650 ginascente‚
1992 1543 2292 1621 lamellis
2348 1544 2965 1622 adscendentibus
3023 1545 3365 1623 confertis
3387 1546 3652 1649 luscis.

1585 1690 1712 1767 Ad
1757 1687 2107 1787 Naranjo,
2163 1712 2418 1763 mense
2469 1688 2691 1787 Majo.
2751 1692 2850 1764 Ic.
2906 1720 2971 1764 n.
3023 1700 3115 1766 44.

1592 1849 1884 1924 Habitus
1938 1847 2027 1919 Α.
2079 1858 2295 1920 teneri
2344 1857 2457 1917 aut
2503 1847 2728 1945 potius
2781 1844 2870 1917 A.
2901 1848 3232 1942 siliginei,
3286 1858 3355 1918 at
3403 1857 3508 1919 sat
3555 1844 3784 1918 firmus
3828 1858 3898 1920 et
3936 1845 4235 1920 lamellae
4281 1846 4526 1920 fuscae.

1491 1968 1726 2068 Stipes
1776 1976 1818 2040 2
1868 1994 2020 2039 unc.
2075 1978 2145 2039 et
2195 1966 2365 2039 ultra
2416 1964 2695 2063 longus,
2747 1964 2988 2038 lineam
3042 1991 3349 2053 crassus,
3401 1965 3731 2065 aequalis,
3783 1967 3978 2065 apice
4024 1963 4306 2039 albidus.
4409 1962 4526 2036 Pi-

1491 2088 1635 2160 leus
1689 2088 1949 2160 unciam
1999 2084 2140 2159 sere
2195 2085 2362 2156 altus
2412 2095 2480 2155 et
2530 2083 2735 2169 latus,
2792 2085 3062 2156 omnino
3112 2085 3432 2171 exsti-ius,
3479 2085 3777 2182 margine
3832 2094 4020 2155 recto
4072 2080 4526 2181 subrepando.

1497 2204 1671 2278 Cum
1725 2205 1859 2277 hoc
1912 2201 2360 2277 conferendus
2418 2213 2526 2274 est
2571 2200 2661 2273 A.
2717 2216 2906 2273 tener
2957 2206 3192 2300 (supra
3245 2230 3307 2274 n.
3337 2207 3437 2288 Η,
3465 2203 3565 2303 b.)
3620 2199 3815 2273 valde
3868 2200 4094 2274 similis
4121 2214 4190 2274 et
4214 2201 4529 2300 sporidiis

1490 2326 1735 2422 ignotis
1787 2351 1826 2398 e
1879 2323 2283 2396 lamellarum
2338 2320 2570 2393 colore
2624 2331 2874 2392 tantum
2926 2318 3011 2393 ad
3063 2317 3435 2393 Derminos
3487 2319 3753 2391 relatus.
3804 2363 3899 2375 --
3947 2316 4085 2392 Hic
4116 2332 4188 2393 et
4230 2319 4368 2391 duo
4421 2345 4527 2392 se-

1492 2455 1775 2541 quentes
1794 2500 1811 2529 ,
1854 2443 2032 2515 bene
2085 2438 2366 2527 diversi,
2417 2437 2830 2538 peculiarem
2884 2440 3161 2537 stirpem
3214 2439 3386 2511 inter
3441 2434 3729 2511 Galeras
3781 2436 4115 2510 exhibent.

1286 2626 1387 2696 ΩΙ.
1496 2619 1645 2696 Ae.
1730 2618 2214 2717 (Psarum)
2284 2636 2831 2701 nmuLOSUS,
2910 2614 3105 2717 pileo
3194 2615 3583 2693 carnosulo
3651 2616 4293 2722 elongato-comeo
4342 2621 4533 2696 laevi

1488 2735 1742 2840 glabro
1796 2729 2612 2820 helvolo-suscesoente,
2668 2732 2994 2835 margine
3046 2742 3250 2808 recto
3269 2793 3288 2821 ,
3341 2734 3577 2836 stipite
3623 2736 3952 2812 fistuloso
4007 2737 4192 2814 laevi
4269 2738 4530 2843 glabro

1485 2854 1916 2939 lutescente‚
1970 2848 2130 2925 basi
2180 2848 2608 2939 bulbilloso,
2652 2851 2955 2927 lamellis
3011 2851 3625 2929 adscendentibus
3675 2853 4068 2932 linearibus
4117 2855 4358 2933 fuscis.

1581 2995 1708 3072 Ad
1759 3003 2027 3071 terram
2059 3016 2294 3094 prope
2344 2994 2685 3099 Car-tago,
2742 2994 3204 3084 Costa-Rica,
3257 2993 3479 3096 Majo.
3586 3000 3684 3073 Ic.
3741 3029 3807 3074 n.
3853 3007 3952 3076 15.

1588 3138 1959 3239 Agaricum
2013 3137 2337 3213 callosum
2404 3140 2469 3211 in
2548 3144 2939 3215 memoriam
3012 3154 3326 3228 revocat,
3380 3154 3448 3213 at
3490 3141 3757 3215 firmior.
3888 3139 4160 3241 Stirpes
4210 3143 4533 3229 uncialis,

1460 3262 1715 3335 'lineam
1768 3273 1838 3334 et
1882 3259 2053 3333 ultra
2105 3283 2411 3344 crassus,
2460 3257 2739 3332 bulbillo
2814 3258 2901 3331 ad
2952 3261 3144 3334 basin
3221 3273 3514 3360 excepto
3569 3261 3899 3360 aequalis,
3976 3260 4225 3360 pallide
4277 3263 4535 3335 luteus.

1482 3376 1716 3451 Pileus
1768 3376 2161 3450 carnosulus
2217 3387 2287 3448 et
2342 3377 2613 3448 omnino
2655 3378 2977 3466 exsti-ius,
3029 3378 3298 3476 glaber,
3350 3386 3534 3454 6-8
3579 3380 3686 3453 lin.
3731 3379 3901 3453 altus
3955 3378 4348 3479 (numquam
4410 3408 4531 3454 ex·

1482 3524 1736 3601 pansus
1786 3498 2041 3597 visus),
2093 3492 2368 3567 sordide
2416 3494 2669 3582 luteus,
2725 3520 3002 3594 opacus.
3127 3494 3472 3572 Lamellae
3526 3500 3592 3570 in
3648 3501 3801 3570 coni
3847 3497 4053 3571 fundo
4106 3497 4534 3572 adscenden-

1485 3629 1620 3701 ῐεε,
1670 3614 1811 3688 fere
1863 3612 2491 3715 perpendiculares,
2550 3612 2871 3700 lineares,
2932 3639 2972 3687 e
3038 3613 3231 3688 fusco
3295 3617 3718 3715 nigricantes.
3829 3615 4120 3691 Colores
4169 3644 4254 3691 ex
4328 3622 4536 3691 icone

1482 3732 1802 3820 indicavi3
1849 3733 2217 3831 specimina
2267 3733 2335 3803 in
2387 3732 2549 3830 spir.
2601 3731 2734 3802 vini
2791 3744 3055 3804 servata
3108 3744 3247 3805 tota
3294 3733 3699 3808 fuscescunt.

1280 3888 1380 3952 ΩΦ.
1488 3878 1638 3953 Ac.
1695 3879 2179 3978 (Pssrnm)
2231 3896 2634 3959 lemures,
2687 3872 2883 3974 pileo
2941 3872 3505 3951 membranaceo
3552 3873 3974 3977 parabolico
4004 3874 4260 3979 glabro
4293 3874 4535 3961 luteo,

1482 3996 1678 4070 circa
1726 3994 2128 4097 marginem
2180 4000 2463 4067 rectum
2516 3990 2795 4078 striato,
2850 3989 3086 4092 stipite
3167 3991 3498 4069 fistuloso
3576 3992 3955 4070 concolori
4034 3992 4536 4083 subfiliformi,

1481 4113 1641 4190 basi
1684 4110 2075 4189 orbiculari
2121 4111 2396 4186 inserto
2421 4169 2439 4197 ,
2494 4107 2797 4185 lamellis
2850 4109 3465 4186 adscendentibus
3517 4110 3757 4187 fuscis.

1577 4260 1660 4333 In
1708 4256 1905 4360 ligno
1949 4253 2238 4357 putrido
2292 4252 2387 4329 ad
2434 4251 2792 4352 Naranjo,
2850 4255 3070 4332 Costa
3119 4253 3332 4342 Rica,
3385 4252 3606 4353 Majo.
3711 4258 3810 4329 Ic.
3868 4284 3934 4329 n.
3992 4266 4087 4331 10.

1570 4408 1952 4508 Dispersus
2003 4409 2331 4493 nascitur,
2404 4405 2724 4505 pusillus,
2808 4408 3151 4505 prioribus
3203 4409 3552 4484 manifeste
3635 4409 3879 4498 affinis,
3953 4410 4076 4485 sed
4146 4424 4401 4484 statura
4465 4426 4542 4486 et

1479 4531 1662 4602 basis
1714 4529 1986 4600 omnino
2035 4526 2124 4599 A.
2175 4523 2624 4629 (Mycenae)
2673 4554 2708 4598 s
2781 4521 3055 4600 Iobatis.
3162 4524 3399 4627 Stipes
3454 4527 3596 4603 sere
3645 4530 4010 4629 capillaria,
4058 4531 4206 4604 basi
4248 4532 4539 4604 orbicu-

1472 4649 1594 4721 lari
1639 4648 1893 4721 matrici
1970 4645 2328 4745 applanata
2377 4655 2667 4745 excepta
2721 4645 2992 4717 omnino
3055 4646 3389 4745 aequalis,
3441 4649 3554 4721 vix
3604 4650 3868 4721 unciam
3947 4648 4221 4749 longus,
4276 4651 4501 4725 laevis
4525 4709 4543 4739 ,

1473 4767 1744 4865 glaber,
1795 4764 2035 4838 luteus.
2134 4759 2369 4836 Pileus
2425 4763 3016 4850 membranaceus,
3076 4763 3202 4836 sed
3280 4777 3386 4838 sat
3461 4777 3691 4854 tenax,
3766 4766 4194 4865 parabolicus
4261 4768 4541 4864 (altior,

1477 4911 1676 4982 quam
1726 4882 1966 4982 latus),
2016 4887 2200 4954 2—3
2258 4881 2400 4969 lin„
2446 4891 2738 4959 saturate
2812 4881 3050 4957 luteus.
3124 4881 3433 4978 Agar-ici
3475 4882 3881 4973 echinulati,
3930 4898 4228 4962 ceterum
4289 4886 4546 4960 distin-

1471 5003 1777 5091 ctissimi‚
1828 5004 1984 5075 icon
2037 5028 2075 5077 a
2120 4994 2513 5100 Berkeleyo
2564 4997 2716 5072 data
2762 4997 2974 5088 hunc,
3027 4999 3268 5076 demtis
3318 5001 3504 5103 pilis,
3556 5006 3977 5079 exactissime
4029 5003 4249 5079 refert.

1263 5154 1364 5222 23.
1471 5143 1567 5221 A.
1623 5144 2152 5244 (Passurus)
2204 5162 2752 5219 rmum.
2856 5136 3097 5240 Epicr.
3153 5165 3223 5240 p.
3282 5148 3424 5227 326.

1566 5291 1651 5367 In
1699 5289 1933 5367 insula
1979 5291 2077 5367 St.
2141 5286 2508 5377 Thomae,
2561 5285 2982 5364 Novembri.
3049 5273 3236 5362 ὄντι.
3287 5297 3372 5361 ic.
3426 5315 3493 5361 n.
3544 5295 3654 5364 25.
