4984 6517
1298 573 1481 659 344

1182 785 1354 862 lecta
1392 785 1703 871 fuissent,
1734 785 2112 883 adscripto,
2152 810 2189 858 a
2235 783 2454 858 multis
2491 783 2928 860 Durvillaeae
2951 786 3125 859 utilis
3151 784 3411 872 formis,
3461 811 3739 883 quarum
3782 785 4022 859 thallus
4056 784 4315 857 solidus
4346 799 4448 857 est

1184 906 1328 978 sive
1382 931 1515 976 non
1566 903 2155 988 cenoso-inflatus,
2211 902 2439 976 habitu
2492 917 2562 977 et
2613 904 2825 976 forma
2871 904 3282 1003 distinguere
3335 931 3469 979 non
3527 906 3854 1005 potuisse.
3935 901 4249 976 Lac-inias
4302 905 4448 974 basi

1184 1023 1802 1120 tereti—petiolatas,
1855 1024 1921 1094 in
1975 1021 2287 1093 omnibus
2315 1020 2544 1095 formis
2594 1049 2729 1094 non
2785 1024 3216 1108 observatas,
3267 1022 3473 1094 modo
3507 1025 3571 1096 in
3612 1023 3820 1094 forma
3858 1024 4142 1094 maxime
4177 1022 4446 1093 evoluta

1184 1138 1503 1224 vidimus,
1582 1139 1759 1212 unde
1838 1165 1918 1210 an
1998 1137 2113 1210 hic
2187 1139 2415 1236 petioli
2474 1165 2636 1212 vere
2690 1140 3027 1213 normales
3080 1143 3240 1224 sint,
3298 1167 3423 1238 pro
3476 1155 3665 1215 certo
3710 1140 4036 1213 affirmare
4091 1165 4222 1211 non
4283 1165 4445 1237 pos-

1185 1283 1449 1342 sumus,
1511 1259 1663 1331 licet
1720 1257 1853 1330 hoc
1907 1256 2262 1354 probabile
2308 1256 2591 1330 videtur.
2700 1254 2909 1337 Quod
2968 1257 3052 1329 ad
3107 1270 3481 1333 structurae
3531 1259 3979 1332 diversitatem
4013 1259 4334 1355 pertinet,
4386 1259 4447 1328 in

1186 1377 1490 1448 sectione
1552 1375 1973 1448 transversali
2037 1373 2212 1446 thalli
2268 1374 2553 1447 vidimus
2609 1376 2711 1446 lila
2751 1375 2889 1462 illa,
2946 1377 3190 1475 quibus
3243 1379 3664 1449 constituitur
3746 1388 4018 1448 stratum
4098 1374 4450 1458 corticale‚

1185 1518 1426 1567 versus
1481 1492 1905 1590 superficiem
1958 1491 2223 1589 plantae
2272 1495 2342 1586 (i.
2397 1519 2455 1565 e.
2512 1500 2739 1589 extus)
2796 1506 3030 1593 aperte
3081 1493 3462 1567 dichotoma
3515 1508 3584 1567 et
3633 1496 3804 1567 inter
3832 1520 3906 1566 se
3940 1492 4243 1565 distincta
4288 1497 4451 1586 (nec

1186 1623 1261 1682 ut
1314 1612 1375 1682 in
1428 1609 1849 1685 antecedenti
1905 1611 1969 1679 in
2031 1609 2228 1682 telam
2294 1611 2684 1683 cellulosam
2745 1610 3210 1707 confluentia),
3263 1614 3439 1684 intus
3493 1639 3655 1685 vero
3715 1614 3783 1705 (i.
3815 1637 3872 1684 e.
3907 1636 4140 1683 versus
4171 1621 4448 1681 stratum

1186 1728 1363 1800 thalli
1418 1730 1776 1819 internum)
1831 1727 2272 1825 simpliciora,
2323 1730 2493 1800 inter
2550 1755 2625 1801 se
2681 1731 3122 1802 remotissima
3172 1741 3238 1802 et
3290 1756 3417 1827 per
3484 1729 3862 1805 trabeculas
3922 1728 4452 1798 transversaliter

1186 1848 1577 1920 reticulatim
1633 1872 1971 1930 connexa3
2023 1846 2276 1917 articuli
2333 1846 2591 1918 filorum
2647 1847 2972 1921 diametro
3025 1848 3227 1945 3·plo
3289 1891 3381 1903 —-
3436 1848 3636 1945 8-plo
3672 1849 4030 1944 longiores.
4081 1841 4227 1915 Has
4253 1857 4451 1916 notas

1185 1970 1345 2038 satis
1397 1976 1784 2038 constantes
1839 1962 2087 2035 vidisse
2129 1963 2282 2035 mihi
2330 1966 2479 2062 ipse
2548 1964 2802 2050 videor,
2856 1991 2936 2037 an
2994 1991 3158 2037 vero
3214 1964 3296 2036 ad
3352 1965 3737 2063 specificam
3793 1959 4244 2034 diversitatem
4287 1989 4452 2034 con·

1187 2083 1475 2156 dendam
1531 2093 1924 2181 suppetant,
1981 2079 2207 2154 dicent
2257 2083 2331 2163 ii,
2386 2083 2633 2179 quibus
2688 2083 2953 2181 plantae
3008 2085 3201 2155 vivae
3231 2083 3710 2155 examinandae
3739 2080 3890 2152 data
3924 2080 4120 2153 suerit
4155 2083 4452 2152 occasio.

1188 2200 1850 2274 Fructificatio0cu1n
1904 2198 2394 2282 antecedentis,
2445 2213 2762 2297 quantum
2818 2200 3133 2299 equidem
3193 2198 3421 2271 videre
3464 2226 3780 2297 possum,
3814 2201 4085 2270 omnino
4119 2201 4451 2294 congruit.

1190 2315 1287 2390 Ut
1349 2345 1509 2390 vero
1564 2319 1777 2416 ipsius
1830 2315 2095 2414 plantae.
2141 2315 2371 2389 formis
2427 2317 2696 2390 ludendi
2751 2319 3024 2390 modum
3082 2318 3322 2390 clarius
3379 2320 3708 2416 percipiat
3761 2319 3993 2400 lector,
4046 2317 4448 2414 insigniores

1188 2441 1370 2534 ejus,
1429 2461 1598 2534 quas
1658 2433 2019 2533 possideo,
2075 2435 2476 2509 evolutionis
2527 2434 2775 2509 formas
2825 2439 3109 2509 seorsim
3165 2434 3555 2509 describere
3601 2436 3801 2507 nobis
3848 2435 3933 2505 sit
3979 2434 4225 2506 licitum

1288 2619 1353 2662 a.
1408 2585 1661 2686 Stipite
1709 2583 2208 2684 4-5-pollicari
2259 2583 2419 2658 basi
2469 2586 2679 2660 tereti
2725 2611 3045 2685 superne
3096 2585 3460 2685 paululum
3511 2609 3940 2686 compresso
3997 2593 4070 2658 et
4109 2607 4445 2682 expanso

1407 2707 1481 2780 in
1533 2703 1870 2778 laminam
1925 2700 2082 2775 basi
2138 2711 2420 2775 ovatam
2485 2704 3169 2804 13-14-pollicarem
3223 2703 3506 2779 inferne
3553 2703 4104 2778 subcoriaceam
4157 2726 4446 2775 sursum

1416 2820 2051 2896 membranaceam
2104 2818 2756 2916 ovato-oblongam
2811 2822 2903 2896 ab
2957 2822 3164 2921 apice
3221 2846 3452 2923 usque
3505 2821 3576 2895 in
3630 2821 3952 2897 medium
4006 2817 4444 2904 laciniatam,

1412 2938 1687 3015 laciniis
1736 2937 2238 3038 inaequalibus
2287 2937 2708 3012 lacinulatis.

1491 3091 1555 3165 E
1608 3090 1794 3165 callo
1850 3089 2147 3166 radicali
2192 3088 2480 3165 adultae
2534 3088 2819 3190 plantae
2877 3099 3110 3166 enata.

1492 3243 1688 3320 Haec
1742 3247 2011 3319 omnino
2068 3246 2349 3344 analoga
2404 3257 2509 3319 est
2565 3243 2821 3320 formae
2874 3275 2941 3331 c,
2996 3272 3194 3346 quam
3229 3271 3433 3344 supra
3465 3243 3980 3342 descripsimus,
4012 3241 4454 3319 Durvillaeae

1191 3367 1365 3438 utilis
1417 3367 1616 3463 eique
1673 3376 1803 3435 tam
1862 3366 2124 3449 similis,
2176 3376 2246 3435 ut
2301 3366 2356 3436 si
2408 3389 2560 3435 cum
2615 3391 2694 3438 ea
2750 3367 2814 3437 in
2855 3364 3024 3437 freto
3080 3362 3606 3462 Magelhaenico
3664 3360 3832 3434 lecta
3891 3360 4157 3447 fuisset,
4206 3376 4455 3435 utram-

1192 3511 1324 3583 que
1383 3482 1665 3555 eandem
1724 3481 2131 3555 habuissem.

1291 3623 1348 3697 b.
1404 3623 1657 3722 Stipite
1708 3622 2201 3723 3-4-pollicari
2258 3624 2543 3699 unciam
2606 3635 2680 3700 et
2759 3625 2940 3700 ultra
3019 3624 3374 3700 diametro
3444 3630 3802 3721 aequante
3880 3620 4164 3695 inferne
4244 3620 4454 3695 tereti

1398 3765 1718 3840 superne
1771 3765 2202 3840 compresso
2280 3750 2352 3815 et
2430 3767 2766 3842 expanso
2840 3742 2910 3817 in
2989 3742 3323 3817 laminam
3379 3739 3538 3814 basi
3588 3751 3967 3813 cuneatam
4026 3736 4452 3838 6·pedalem

1403 3856 1922 3957 latitudineque
2010 3857 2431 3956 Q-pedalem
2520 3883 2700 3932 mox
2794 3859 3020 3934 multo
3109 3859 3605 3960 angustiorem
3688 3856 3896 3956 apice
3975 3855 4454 3956 margineque

1406 3972 1838 4060 laciniatam,
1893 3974 2168 4050 laciniis
2224 3975 2586 4050 undulatis
2614 3975 3031 4052 lateralibus
3060 3976 3218 4051 basi
3250 4001 3546 4076 semper
3574 3972 4113 4075 angustioribus
4140 3972 4456 4047 ibidem-

1404 4115 1549 4191 que
1603 4114 1794 4163 nunc
1843 4089 2073 4190 planis
2128 4117 2322 4166 nunc
2375 4093 2980 4194 tereti-petiolatis
3035 4118 3268 4194 usque
3323 4091 3791 4191 5-pedalibus
3840 4090 4047 4165 fissis.

1290 4261 1344 4304 c.
1403 4228 1655 4328 Stipite
1729 4231 1776 4303 6
1811 4229 2135 4330 pollicari
2200 4232 2485 4306 nnciam
2576 4243 2650 4308 et
2728 4233 2905 4308 ultra
2984 4233 3338 4307 diametro
3418 4241 3777 4332 aequante
3876 4229 4159 4304 inferne
4239 4227 4455 4302 tereti

1394 4371 1713 4446 superne
1767 4372 2199 4447 compresso
2270 4359 2343 4425 et
2394 4375 2728 4450 expanso
2805 4351 2876 4425 in
2956 4350 3291 4425 laminam
3351 4360 3635 4424 ovatam
3691 4347 3899 4446 apice
3958 4344 4261 4445 oblique
4332 4369 4458 4417 an·

1399 4475 1752 4565 gustatam
1796 4465 2217 4564 2-pedalem
2268 4466 2787 4571 latitudineque
2854 4468 3186 4568 pedalem
3260 4467 3588 4566 margine
3665 4463 4103 4547 laciniatam,
4178 4460 4458 4535 laciniis

1401 4580 1758 4655 undulatis
1801 4581 2143 4656 omnibus
2198 4585 2799 4683 tereti-petiolatis
2853 4582 3292 4686 longissimis
3346 4582 3687 4683 oblongis
3740 4584 3780 4655 l.
3836 4578 4230 4653 linearibus
4283 4578 4458 4652 sim-

1403 4697 1711 4796 plic-ibus
1766 4697 1806 4771 l.
1862 4698 2023 4797 plus
2080 4699 2318 4774 minus
2384 4701 2783 4788 multifidis,
2838 4701 3163 4775 lacinulis
3215 4699 3372 4774 basi
3427 4696 3972 4801 angustioribus
4023 4694 4456 4796 ibidemque

1402 4838 1595 4887 nunc
1652 4814 1883 4915 planis
1938 4841 2133 4890 nunc
2188 4816 2810 4917 tereti-petiolatiS.

1490 4954 1639 5029 Hae
1713 4959 1999 5043 formae,
2076 4961 2340 5031 minime
2419 4963 2773 5034 varietates
2827 4961 3186 5047 dicendae,
3260 4973 3410 5033 sunt
3486 4957 3693 5031 modo
3747 4954 4117 5039 individua,
4186 4968 4257 5027 ut
4308 4956 4460 5051 ipsa

1183 5074 1454 5168 species
1508 5075 1743 5147 melius
1790 5076 2211 5173 intelligatur,
2264 5103 2300 5147 a
2356 5103 2463 5149 me
2519 5104 2670 5150 cum
2725 5078 3052 5177 diagnosc
3105 5082 3519 5178 propositae.
3627 5071 3878 5146 Ultima
3934 5073 4142 5145 forma
4191 5071 4463 5143 videtur

1184 5189 1406 5284 planta
1457 5192 1522 5262 in
1574 5205 1748 5264 statu
1800 5195 2077 5264 normali
2131 5198 2273 5267 sive
2328 5197 2611 5266 maxime
2660 5198 2962 5284 evoluta,
3045 5210 3115 5268 ut
3175 5197 3277 5269 his
3335 5195 3564 5266 formis
3611 5191 3853 5264 suffulti
3911 5217 4087 5264 nunc
4143 5190 4462 5288 descrip-

1182 5309 1429 5380 tionem
1479 5311 1689 5406 ipsius
1739 5313 1996 5407 speciei
2055 5310 2217 5385 dare
2270 5315 2628 5409 possimus.
