4984 6517
1360 575 1482 661 30

1555 789 1638 864 In
1685 738 1975 864 Guinea
2024 784 2121 862 ad
2170 784 2366 892 ligna
2413 785 2552 865 sub
2592 794 2788 864 terra
2837 787 3325 889 putrescentia
3377 786 3563 866 locis
3611 790 3962 868 arenosis
4024 792 4371 892 Afzelim.

2314 970 2798 1049 MAnAsmus.
2903 972 3142 1072 Epicr.
3190 995 3257 1072 p.
3314 979 3459 1046 373.

1556 1111 2067 1215 Heliomycetes
2120 1115 2316 1202 Len„
2375 1129 2705 1217 quatenus
2772 1117 3119 1190 »lamellae
3151 1116 3616 1212 gelatinoeae«
3636 1175 3660 1202 ,
3733 1119 4002 1191 omnino
4049 1144 4305 1217 genere
4356 1145 4494 1191 mo-

1460 1230 1659 1304 vendi
1711 1245 1895 1316 sunt3
1969 1245 2036 1305 at
2103 1234 2171 1307 in
2224 1237 2535 1309 omnibus
2616 1238 2982 1336 speciebus
3061 1233 3218 1306 mihi
3274 1236 3561 1334 cognitis
3618 1232 4030 1339 (Heliomyc.
4088 1233 4492 1311 Leveilliano

1460 1350 1731 1437 Berkt,
1806 1349 1896 1424 H.
1962 1365 2277 1455 caryotae
2348 1354 2590 1426 Beda!
2669 1351 2758 1427 H.
2825 1353 3200 1454 brevipede
3260 1354 3483 1426 Mont.
3546 1360 3706 1454 etc.)
3787 1354 4086 1429 lamellae
4165 1356 4496 1431 molliores

1460 1469 1732 1568 quidem
1781 1483 1971 1558 sunt,
2031 1483 2104 1543 ut
2158 1474 2225 1542 in
2282 1472 2385 1542 M
2441 1471 2756 1546 chordali
2837 1485 2906 1547 et
2955 1474 3098 1547 sere
3155 1474 3351 1546 etiam
3432 1473 3538 1544 M
3593 1475 3862 1559 oreadi,
3917 1486 3983 1545 at
4059 1473 4127 1546 hi
4197 1474 4497 1550 affinitate

1456 1590 1780 1687 proximis
1839 1591 2064 1662 intime
2118 1592 2478 1687 conjuncti.

1260 1731 1316 1798 Ἰ.
1424 1725 1518 1801 Μ.
1579 1732 1961 1830 (coum.)
2006 1754 2461 1807 ARECAnms.
2571 1729 2813 1831 Epicr.
2864 1755 2934 1831 p.
2991 1738 3132 1805 386.
3191 1731 3282 1805 A.
3297 1732 3673 1834 parvulus.
3718 1726 3982 1806 Korth.
4041 1754 4191 1804 non
4248 1729 4495 1806 obstat.

1468 1890 1561 1901 —
1616 1846 1788 1921 Var.
1842 1851 2118 1935 tenella,
2174 1849 2412 1949 stipite
2464 1849 2733 1924 tenello
2784 1848 3258 1925 fuscescente.

1560 1986 1644 2060 In
1692 1985 1892 2090 ligno
1963 1989 2255 2089 putrido
2333 1989 2428 2065 ad
2493 1986 2986 2092 Morningstar
3046 1986 3333 2064 Insulae
3404 1986 3503 2062 St.
3576 1986 3863 2075 Cruci&
3945 1989 4107 2065 Oct.
4178 1977 4365 2067 ὄφει.
4425 2004 4502 2067 ic.

1456 2134 1521 2179 n.
1660 2161 1675 2177 .

1558 2111 1853 2307 gpecies
1903 2207 2176 2295 tenella,
2228 2211 2451 2308 stipite
2476 2209 2777 2283 siccitate
2805 2208 3112 2283 flexuoso
3167 2222 3237 2284 et
3285 2178 3652 2283 incurvato.
3755 2207 3832 2282 In
3889 2213 4087 2283 icone
4137 2212 4271 2284 vivi
4321 2211 4505 2313 fungi

1455 2327 1666 2425 stipes
1709 2352 1795 2399 ex
1846 2352 2087 2425 magna
2132 2340 2324 2426 parte
2378 2326 2807 2415 fuscescens,
2880 2330 3074 2428 apice
3148 2327 3357 2401 modo
3432 2329 3625 2402 albus
3676 2340 3744 2402 et
3787 2329 4007 2427 pileus
4059 2331 4329 2402 omnino
4394 2358 4507 2405 ex-

1463 2445 1696 2531 strius‚
1740 2450 1780 2516 3
1830 2444 1940 2517 lin.
1995 2446 2259 2518 circiter
2305 2444 2513 2533 latus,
2593 2446 2785 2520 disco
2865 2448 3244 2521 obscuriori
3322 2447 3722 2546 pallescens.
3796 2489 3891 2502 —
3959 2444 4247 2521 Frustra
4328 2450 4510 2549 apud

1452 2560 1801 2636 Auctores
1880 2566 2295 2637 recentiores
2376 2567 2710 2663 quaesivi:
2784 2565 2890 2636 M
2944 2590 3204 2665 opacus
3258 2561 3470 2638 Berk.
3523 2577 3591 2638 et
3645 2563 3869 2638 Curt!
3941 2566 4006 2637 in
4074 2560 4220 2637 Sill.
4254 2563 4509 2641 'Joum

1454 2686 1621 2756 ⁴850
1677 2678 1875 2755 Mars
1926 2709 1994 2781 p.
2047 2687 2189 2755 ⁴73.
2256 2684 2482 2782 stipite
2554 2686 2763 2757 multo
2818 2684 3126 2770 firmiori,
3180 2680 3555 2757 Oreadium
3603 2686 3811 2758 instar
3869 2683 4513 2774 villoso-corticato‚

1450 2800 1557 2872 M
1615 2816 1872 2873 scorteo
1923 2801 2323 2888 simillimus,
2378 2801 2586 2874 modo
2639 2804 2857 2874 minor
2900 2815 2968 2876 et
3016 2803 3173 2876 loco
3226 2802 3554 2877 diversus.

1454 2954 1487 2989 ⁶
1535 2956 1642 3027 M.
1697 2953 2137 3055 Spitgerberi
2183 2953 2546 3055 Montagn.
2602 2952 2799 3031 Cent.
2859 2950 2979 3030 ΠΙ.
3032 2986 3095 3030 n.
3150 2962 3219 3031 41
3245 3016 3263 3046 ,
3338 2959 3467 3032 sub
3521 2956 3872 3053 Agar-ico,
3954 2968 4191 3031 nostro
4263 2956 4513 3030 similli-

1453 3101 1603 3147 mus
1657 3086 1792 3160 est,
1845 3086 1912 3145 at
1963 3076 2188 3174 stipite
2239 3075 2539 3148 bulboso
2589 3075 3127 3150 fusco-violaceo
3179 3089 3365 3150 certe
3423 3075 3751 3149 diversus.

1252 3228 1311 3290 2.
1443 3214 1539 3290 M.
1595 3215 1997 3318 (Coum.)
2048 3238 2574 3304 επῑωιυε,
2646 3214 2842 3316 pileo
2894 3215 3321 3291 tenuisshno
3373 3216 3939 3292 membranaceo
4003 3212 4224 3314 plano
4275 3213 4515 3289 umbi-

1249 4477 1309 4545 3.

1458 3333 1675 3409 licato
1724 3332 1956 3407 dense
2008 3332 2286 3408 sulcato
2340 3332 2626 3421 albido,
2695 3334 2934 3435 stipite
2985 3335 3318 3409 fistuloso
3377 3333 3695 3409 filisormi
3755 3332 4013 3437 glabro
4086 3332 4331 3420 fusco,
4415 3330 4516 3407 la-

1454 3450 1689 3526 mellis
1737 3449 2444 3527 subdecurrentibus
2499 3450 2925 3527 distantibus
2976 3451 3259 3527 tenellis
3306 3450 3585 3526 albidis.

1548 3594 1676 3670 Ad
1725 3593 2040 3694 stipulas
2103 3582 2374 3669 Ursted.
2427 3623 2494 3667 n.
2541 3600 2633 3668 25
2683 3590 2843 3667 sine
2895 3592 3112 3667 icone
3159 3601 3234 3667 et
3282 3591 3452 3666 loco
3507 3587 3822 3691 speciali.

1553 3740 1947 3842 Specimina
2009 3746 2076 3816 in
2137 3746 2296 3843 spir.
2354 3746 2487 3817 vini
2534 3743 2712 3817 bene
2767 3757 3198 3827 conservata;
3253 3743 3464 3816 affinis
3532 3744 3636 3814 M
3703 3740 4102 3825 Vaillantii,
4157 3751 4224 3810 at
4275 3740 4516 3810 minor.

1455 3858 1693 3960 Stipes
1745 3863 2082 3948 insititius,
2163 3863 2311 3936 basi
2389 3861 2748 3937 orbiculari
2812 3865 3106 3949 cinctus,
3174 3866 3251 3962 ⁴2}
3307 3888 3458 3934 unc.
3511 3860 3788 3958 longus,
3874 3858 4210 3957 aequalis,
4283 3855 4520 3928 susco-

1456 3981 1809 4078 nigricans.
1910 3977 2146 4054 Plleus
2198 3979 2615 4078 pellucidus,
2659 3980 3024 4054 admodum
3078 3983 3328 4067 tenuis,
3380 3979 3506 4053 sed
3552 3978 3808 4064 aridus,
3855 3976 4280 4060 orbicularis,
4333 3980 4381 4045 6
4410 3974 4521 4045 lin.

1454 4097 1656 4185 latus,
1707 4097 2299 4185 lineatoestriatus,
2375 4101 2487 4172 vix
2538 4099 2858 4198 plicatus,
2936 4101 3159 4173 siccus
3224 4098 3607 4198 rugulosus.
3737 4094 4083 4170 Lamellae
4161 4093 4522 4165 distinctae

1456 4217 1527 4312 (i.
1585 4242 1644 4290 e.
1698 4219 1889 4291 venis
1958 4216 2141 4289 haud
2211 4221 2616 4316 connexae).
2701 4263 2794 4274 —
2873 4216 3110 4292 Primo
3167 4218 3406 4291 obtutu
3455 4243 3583 4315 pro
3642 4214 3748 4288 M.
3807 4213 4186 4289 mitiusculo
4246 4210 4522 4284 Berkel.

1456 4335 1670 4406 Bras.
1717 4364 1783 4407 n.
1834 4340 1884 4410 ὅ
1943 4336 2108 4434 (sub
2164 4332 2415 4434 Agar.)
2468 4336 2707 4422 habui,
2764 4350 2832 4409 at
2883 4339 3108 4436 stipite
3159 4336 3398 4433 glabro
3454 4334 3820 4408 distinctus

1444 4467 1538 4544 Μ.
1567 4472 1986 4574 (coum.)
2033 4472 2560 4558 Konrmtsn,
2614 4471 2809 4573 pileo
2861 4472 3428 4547 membranaceo
3474 4499 3518 4547 e
3565 4497 3908 4548 convexo
3966 4471 4187 4573 plano
4242 4468 4522 4545 obtuso

1454 4587 1701 4663 striato
1753 4588 2078 4665 velutino
2139 4589 2371 4678 fulvo,
2446 4589 2685 4690 stipite
2756 4590 3090 4665 fistuloso
3167 4599 3463 4665 setaceo
3515 4589 3775 4693 glabro
3827 4591 4072 4678 fusco,
4121 4587 4524 4663 tuberculo

1448 4703 1615 4779 albo
1670 4705 1930 4782 villoso
2011 4707 2259 4784 innato
2283 4768 2301 4795 ,
2387 4707 2693 4783 lamellis
2757 4708 3039 4785 adnatis
3105 4708 3565 4797 distantibus,
3640 4709 3932 4785 alternis
4007 4704 4486 4783 brevioribus
4505 4766 4522 4791 ,

1456 4823 2045 5028 palelznuipes·
2124 4930 2286 5003 Lev.
2336 4941 2410 5002 in
2464 4929 2651 5002 Anu.
2705 4931 2818 5003 Sc.
2868 4931 3044 5005 Nat.
3098 4936 3283 5004 ⁴844.
3333 4930 3419 5004 11.
3467 4955 3540 5030 p.
3607 4936 3730 5005 ⁴70
3795 4952 3946 5002 non
4014 4929 4267 5025 Ejmat
4337 4935 4530 5002 1846.

1452 5067 1520 5142 p.
1580 5051 1722 5118 414.

1552 5186 1635 5259 In
1682 5184 1917 5260 insula
1966 5184 2293 5261 Nikobar
2342 5188 2439 5262 ad
2516 5198 2860 5266 ramenta.
2984 5189 3532 5292 Kamphbmner.
3635 5186 3922 5262 Statura
3971 5184 4522 5288 subsequentis

1457 5303 1681 5378 Color
1732 5302 2056 5380 siccitate
2105 5304 2510 5381 obscurior.
