4984 6517
1298 566 1479 654 360

1398 771 1871 872 paucioribus
1922 767 2365 873 longissimis
2417 775 2491 844 et
2541 767 2900 845 latissimis
2951 765 3279 868 margine
3350 764 3688 868 utrinque
3744 765 4132 841 obsessam
4185 788 4452 840 evane-

1409 899 1682 966 scente.

1496 1030 1764 1107 Seriem
1796 1032 2030 1105 barum
2059 1031 2418 1105 formarum
2462 1031 2912 1107 consideranti
2950 1034 3241 1132 patebit,
3284 1043 3353 1105 ut
3380 1031 3749 1118 credimus,
3786 1032 4148 1131 unicuique
4183 1057 4341 1106 esse
4377 1056 4465 1103 ex

1192 1152 1505 1225 omnibus
1557 1150 1833 1236 nullam,
1873 1176 2047 1248 quae
2096 1149 2403 1223 distincta
2462 1153 2735 1248 species
2787 1149 3025 1224 haberi
3064 1152 3304 1248 possit.
3410 1147 3649 1248 Stipes
3700 1150 3883 1221 initio
3933 1149 4264 1247 aequalis,
4312 1148 4466 1220 dein

1193 1295 1234 1342 e
1279 1270 1427 1342 basi
1473 1270 1786 1342 crassiori
1822 1270 2084 1367 apicem
2116 1294 2355 1341 versus
2385 1279 2796 1356 attenuatus,
2837 1279 3000 1367 post
3024 1269 3090 1339 in
3119 1266 3336 1340 media
3369 1279 3562 1366 parte
3592 1268 3852 1340 inflatur
3887 1268 3927 1339 l.
3958 1293 4166 1339 cavus
4212 1265 4471 1350 evadit,

1195 1386 1503 1482 utrinque
1550 1397 1770 1458 tamen
1826 1398 2228 1470 attenuatas3
2306 1383 2576 1460 demum
2632 1388 2826 1484 apice
2887 1386 3086 1458 etiam
3136 1384 3397 1458 inflatur
3453 1396 3521 1459 et
3574 1385 3644 1457 fit
3697 1384 3833 1458 hoc
3877 1385 4067 1470 loco,
4121 1386 4188 1455 in
4243 1385 4471 1481 speci-

1196 1502 1484 1574 minibus
1538 1505 1822 1576 maxime
1877 1503 2195 1590 evolufis,
2249 1502 2810 1576 clavato-inflatus
2861 1504 2986 1588 ita,
3036 1515 3107 1574 ut
3151 1502 3238 1574 sit
3282 1501 3575 1600 denique
3628 1501 3968 1575 fistulosus
4019 1514 4087 1575 et
4134 1501 4220 1572 ab
4276 1502 4471 1599 apice

1199 1620 1455 1692 clavata
1507 1623 1571 1693 in
1628 1622 1815 1693 basin
1866 1632 2260 1694 attenuatus.

1515 1757 1611 1832 Ut
1662 1762 1725 1833 in
1784 1761 2125 1860 plerisque
2179 1758 2656 1846 Laminarieis,
2709 1764 2793 1832 ita
2848 1773 2916 1835 et
2963 1764 3028 1833 in
3073 1761 3488 1856 juvenilibus
3529 1760 3727 1858 hujus
3774 1762 4041 1860 plantae
4090 1761 4466 1859 specimini-

1200 1877 1367 1963 bus,
1432 1879 1711 1951 laminae
1785 1881 2136 1977 primariae
2192 1905 2372 1978 apex
2423 1877 2811 1951 dissolvitur
2860 1879 3208 1965 continue,
3262 1877 3439 1951 unde
3494 1881 3833 1974 conjicere
3883 1878 4039 1951 licet
4083 1879 4272 1951 basin
4325 1881 4474 1974 ejus

1204 2020 1361 2068 esse
1414 1999 1764 2091 juniorem,
1811 2001 2075 2095 apicem
2129 2023 2292 2069 vero
2347 2007 2568 2069 aetate
2621 1998 3144 2095 provectiorem.
3250 1993 3325 2068 ln
3381 1996 3605 2094 planta
3658 1995 3881 2069 adulta
3936 2021 4072 2094 quo
4126 1995 4476 2069 inferiores

1204 2114 1406 2212 igitur
1457 2115 1701 2212 pinnae
1755 2140 1840 2187 eo
1884 2118 2080 2188 etiam
2129 2117 2460 2210 juniores,
2517 2126 2587 2186 et
2639 2139 2775 2212 quo
2827 2116 3219 2212 superiores
3273 2140 3358 2187 eo
3411 2112 3809 2199 adultiores3
3871 2111 4028 2186 inde
4080 2117 4327 2213 pinnae
4376 2115 4476 2186 in·

1207 2229 1401 2304 fimae
1479 2232 1633 2330 plus
1715 2232 1930 2304 minus
2010 2228 2445 2305 dentisormes
2514 2231 2553 2303 l.
2603 2230 3399 2305 harmato-dentiformes.
3504 2229 3764 2305 Pinnae
3834 2256 4229 2329 supremae,
4302 2256 4477 2328 quae

1209 2351 1533 2422 maximae
1586 2360 1768 2432 sunt,
1820 2375 1970 2420 cum
2024 2351 2218 2447 apice
2272 2348 2552 2421 laminae
2597 2351 2950 2448 primariae
2979 2350 3228 2421 sensim
3264 2348 3722 2435 absolvuntur,
3755 2346 3940 2448 quod
3980 2351 4036 2421 si
4080 2348 4150 2421 fit
4179 2347 4476 2447 rapidius

1209 2492 1407 2565 quam
1462 2467 1645 2539 basis
1699 2466 1978 2539 laminae
2029 2466 2416 2565 explicatur,
2469 2466 2704 2539 lamina
2759 2466 2863 2537 illa
2918 2468 3228 2565 primaria
3280 2466 3416 2539 hoc
3459 2467 3667 2539 modo
3714 2467 4143 2541 abbreviatur
4170 2469 4292 2552 ita,
4323 2468 4478 2538 utin

1210 2585 1692 2681 speciminibus
1746 2586 2047 2657 maximis
2097 2588 2349 2680 (aetate
2401 2585 2969 2682 provectissimis)
3003 2586 3089 2656 sit
3117 2610 3328 2682 saepe
3355 2584 3784 2658 solummodo
3813 2585 4189 2685 pollicariS,
4239 2587 4479 2669 immo,

1210 2713 1283 2772 ut
1334 2713 1678 2799 putamus,
1730 2700 1816 2773 ad
1858 2702 1941 2774 nil
1979 2700 2271 2800 denique
2326 2700 2701 2787 reducatur,
2754 2727 2890 2800 quo
2947 2701 3123 2774 facto
3182 2702 3408 2801 planta
3464 2706 3838 2776 emoritur.-

1518 2841 1630 2913 An
1681 2844 1743 2912 in
1796 2840 1957 2925 hac,
2005 2854 2075 2912 ut
2125 2842 2189 2913 in
2246 2842 2464 2913 multis
2517 2838 2992 2927 Laminarieis,
3045 2844 3523 2917 constrictione
3552 2844 3761 2916 basali
3812 2843 4088 2916 laminae.
4126 2843 4480 2940 primariae

1215 2983 1388 3029 nova
1444 2956 1766 3032 formetur
1816 2960 2087 3044 lamina,
2146 2968 2445 3032 veterem
2500 2961 2562 3031 in
2622 2961 2817 3058 apice
2868 2985 3148 3057 gerens,
3203 2958 3431 3032 dicere
3481 2986 3608 3058 pro
3664 2973 3852 3035 certo
3934 2987 4069 3033 non
4138 2959 4483 3033 audemus.

1215 3071 1664 3148 possidemus
1718 3076 1915 3172 hujus
1959 3077 2226 3175 plantae
2281 3078 2685 3175 specimem,
2740 3079 2933 3173 cujus
2986 3077 3223 3150 lamina
3264 3078 3574 3176 primaria
3629 3080 3775 3152 basi
3829 3088 3936 3151 est
3972 3081 4287 3176 utrinque
4319 3103 4483 3150 con-

1216 3194 1476 3280 stricta,
1518 3220 1677 3292 pars
1730 3220 1932 3292 supra
1984 3195 2531 3267 constrictionem
2579 3207 2686 3268 est
2736 3207 2931 3268 vetus
2980 3194 3250 3281 lamina,
3322 3196 3561 3293 pinnas
3611 3198 3930 3268 maximas
3979 3222 4263 3292 gerens;
4328 3221 4485 3294 pars

1216 3311 1380 3384 infra
1437 3314 1984 3385 constrictionem
2037 3311 2287 3385 evolvit
2340 3313 2647 3411 utrinque
2682 3315 2919 3411 pinnas
2968 3338 3120 3385 cum
3173 3312 3640 3399 dentiformes,
3699 3339 3874 3413 quae
3926 3313 4280 3386 inferiores
4339 3326 4486 3385 sunt

1219 3441 1286 3502 et
1335 3431 1807 3513 brevissimae,
1862 3456 2015 3501 cum
2070 3429 2916 3516 hamato-acculeisormes,
2966 3431 3344 3529 pollicares,
3391 3457 3564 3529 quae
3594 3433 3984 3529 superiores
4015 3444 4186 3504 sunt.

1624 3617 1692 3689 2.
1782 3616 2182 3692 Emona
2238 3640 2746 3693 sxaspssnua
2803 3617 2875 3689 J.
2931 3619 3074 3713 Ag.
3135 3618 3179 3689 l.
3237 3647 3293 3690 c.
3338 3646 3418 3717 p.
3475 3627 3613 3692 146.

1524 3750 1606 3822 In
1652 3750 1815 3824 sinu
1864 3749 2209 3825 Tabulari
2250 3751 2584 3837 omnino,
2640 3761 2986 3851 quantum
3033 3761 3384 3851 expertus
3434 3774 3632 3837 sum,
3682 3750 4122 3839 desiderata,
4180 3753 4254 3827 in
4315 3751 4474 3827 sinu

1221 3864 1461 3967 Algoa
1520 3869 1825 3967 copiose
1879 3867 2258 3943 invenitur.

1524 4011 1661 4084 Vix
1718 4014 1850 4085 ullo
1909 4014 2037 4085 alio
2091 4015 2479 4089 charactere
2558 4042 2755 4114 quam
2810 4018 3072 4113 paginis
3137 4017 3562 4116 spinuligeris
3615 4043 3651 4087 a
3713 4031 4038 4115 sequente
4095 4018 4335 4115 specie
4388 4015 4485 4086 di-

1226 4157 1440 4203 versa.
1544 4129 1801 4228 Stipes,
1853 4143 1923 4204 ut
1974 4134 2036 4203 in
2088 4131 2415 4216 affinibus,
2464 4136 2550 4205 ita
2607 4146 2675 4206 et
2727 4137 2790 4205 in
2844 4134 2973 4205 liac
3024 4133 3435 4232 longitudine
3476 4138 3772 4218 varians,
3824 4161 4000 4206 nunc
4029 4135 4490 4232 3-pollicaris,

1220 4276 1397 4322 nunc
1474 4275 1687 4347 usque
1767 4249 2267 4348 15·pollicaris,
2336 4250 2541 4322 modo
2616 4265 2829 4337 teres,
2886 4251 3091 4323 modo
3140 4252 3603 4350 complanatus
3650 4267 3717 4325 et
3770 4266 3926 4325 tunc
3988 4254 4493 4336 sntffistulosus,

1222 4371 1260 4438 i.
1315 4395 1373 4440 e.
1427 4370 1600 4439 intus
1654 4369 2062 4442 substantiae
2117 4371 2330 4440 minus
2373 4368 2633 4442 solidae
2686 4383 2752 4441 et
2804 4383 3223 4468 compactae.

1628 4553 1695 4626 3.
1776 4553 2180 4628 Ecnom
2238 4575 2590 4628 namn-A
2649 4552 2993 4657 (Turn.)
3035 4555 3105 4627 J.
3165 4556 3305 4650 Ag.
3359 4557 3402 4628 l.
3460 4585 3517 4627 c.
3557 4584 3638 4655 p.
3697 4565 3832 4630 Mo.

1527 4685 1782 4786 Stipite
1854 4685 2096 4760 solido
2178 4684 2725 4785 3·16·pollicari
2797 4686 2870 4760 in
2945 4653 3283 4762 laminam
3365 4687 3726 4788 pinnatam
3798 4711 4171 4788 expan80‚
4259 4685 4493 4788 pinnis

1220 4802 2011 4880 subovato-linearibus
2062 4803 2270 4903 apice
2326 4801 2608 4877 obtusis
2659 4803 3240 4905 simpliciusculis
3288 4806 3766 4908 inaequaliter
3816 4805 4090 4881 minute
4146 4805 4492 4891 dentatis,

1224 4922 1613 5021 superficie
1667 4920 1854 4996 laevi
1903 4920 1946 4994 l.
2014 4918 2609 5022 rugoso-plicata.

1326 5102 1391 5144 α.
1445 5070 1697 5170 Stipite
1753 5096 1986 5173 usque
2046 5069 2485 5171 7-pollicari‚
2565 5069 2827 5145 lamina
2899 5072 3236 5171 primaria
3290 5072 3657 5173 (rachide)
3723 5072 3957 5148 latiori
4014 5071 4497 5148 dissolutione

1444 5188 1668 5288 apicis
1721 5188 2181 5276 brevissima,
2237 5188 2474 5289 pinnis
2527 5187 3044 5263 sublatioribus
3091 5189 3541 5267 densissimis
3582 5191 3883 5266 arrectis
3914 5190 4368 5293 marginibus
4391 5191 4497 5266 in-

1444 5304 1974 5381 cumbentibus.
