<?xml version="1.0" encoding="UTF-8"?>
<!DOCTYPE html PUBLIC "-//W3C//DTD XHTML 1.0 Transitional//EN"
    "http://www.w3.org/TR/xhtml1/DTD/xhtml1-transitional.dtd">
<html xmlns="http://www.w3.org/1999/xhtml" xml:lang="en" lang="en">
 <head>
  <title>
</title>
<meta http-equiv="Content-Type" content="text/html;charset=utf-8" />
  <meta name='ocr-system' content='tesseract 3.04.00' />
  <meta name='ocr-capabilities' content='ocr_page ocr_carea ocr_par ocr_line ocrx_word'/>
</head>
<body>
  <div class='ocr_page' id='page_1' title='image "./novaactaregiaes00uppsgoog_0316.png"; bbox 0 0 4984 6517; ppageno 0'>
   <div class='ocr_carea' id='block_1_1' title="bbox 1322 556 1494 641">
    <p class='ocr_par' dir='ltr' id='par_1_1' title="bbox 1322 556 1494 641">
     <span class='ocr_line' id='line_1_1' title="bbox 1322 556 1494 641; baseline 0 0"><span class='ocrx_word' id='word_1_1' title='bbox 1322 556 1494 641; x_wconf 75' lang='lat'>292</span> 
     </span>
    </p>
   </div>
   <div class='ocr_carea' id='block_1_2' title="bbox 1208 760 4495 970">
    <p class='ocr_par' dir='ltr' id='par_1_2' title="bbox 1208 760 4495 970">
     <span class='ocr_line' id='line_1_2' title="bbox 1515 760 4495 866; baseline -0.001 -26"><span class='ocrx_word' id='word_1_2' title='bbox 1515 793 1576 840; x_wconf 91' lang='lat' dir='ltr'>c.</span> <span class='ocrx_word' id='word_1_3' title='bbox 1636 764 1853 842; x_wconf 79' lang='lat' dir='ltr'>Creta</span> <span class='ocrx_word' id='word_1_4' title='bbox 1899 774 2301 866; x_wconf 60' lang='lat' dir='ltr'>scriptoria.</span> <span class='ocrx_word' id='word_1_5' title='bbox 2402 762 2636 844; x_wconf 85' lang='lat' dir='ltr'>Alba.</span> <span class='ocrx_word' id='word_1_6' title='bbox 2683 762 2954 852; x_wconf 50' lang='lat' dir='ltr'>molli&amp;</span> <span class='ocrx_word' id='word_1_7' title='bbox 3023 763 3259 839; x_wconf 88' lang='lat' dir='ltr'>cultro</span> <span class='ocrx_word' id='word_1_8' title='bbox 3335 763 3675 840; x_wconf 87' lang='lat' dir='ltr'>secabilis</span> <span class='ocrx_word' id='word_1_9' title='bbox 3715 772 3789 839; x_wconf 90' lang='lat' dir='ltr'>et</span> <span class='ocrx_word' id='word_1_10' title='bbox 3843 763 4256 866; x_wconf 88' lang='lat' dir='ltr'>inquinans,</span> <span class='ocrx_word' id='word_1_11' title='bbox 4315 760 4495 837; x_wconf 82' lang='lat' dir='ltr'>frac-</span> 
     </span>
     <span class='ocr_line' id='line_1_3' title="bbox 1208 883 1962 970; baseline -0.011 -8"><span class='ocrx_word' id='word_1_12' title='bbox 1208 897 1369 962; x_wconf 83' lang='lat' dir='ltr'><strong>tura</strong></span> <span class='ocrx_word' id='word_1_13' title='bbox 1415 883 1646 970; x_wconf 87' lang='lat' dir='ltr'>tenui‚</span> <span class='ocrx_word' id='word_1_14' title='bbox 1703 890 1962 957; x_wconf 87' lang='lat' dir='ltr'>terrea.</span> 
     </span>
    </p>
   </div>
   <div class='ocr_carea' id='block_1_3' title="bbox 1220 1010 4494 1348">
    <p class='ocr_par' dir='ltr' id='par_1_3' title="bbox 1220 1010 4494 1348">
     <span class='ocr_line' id='line_1_4' title="bbox 1516 1010 4494 1113; baseline -0.002 -21"><span class='ocrx_word' id='word_1_15' title='bbox 1516 1016 1586 1092; x_wconf 89' lang='lat' dir='ltr'>d.</span> <span class='ocrx_word' id='word_1_16' title='bbox 1705 1017 1918 1093; x_wconf 78' lang='lat' dir='ltr'>Creta</span> <span class='ocrx_word' id='word_1_17' title='bbox 1977 1016 2367 1111; x_wconf 74' lang='lat' dir='ltr'><strong><em>Brigantii.</em></strong></span> <span class='ocrx_word' id='word_1_18' title='bbox 2472 1010 3152 1113; x_wconf 69' lang='lat' dir='ltr'>(Brianqon-krita).</span> <span class='ocrx_word' id='word_1_19' title='bbox 3260 1010 3505 1087; x_wconf 90' lang='lat' dir='ltr'>Mollis</span> <span class='ocrx_word' id='word_1_20' title='bbox 3575 1020 3649 1087; x_wconf 92' lang='lat' dir='ltr'>et</span> <span class='ocrx_word' id='word_1_21' title='bbox 3713 1037 3994 1092; x_wconf 85' lang='lat' dir='ltr'>crassa.</span> <span class='ocrx_word' id='word_1_22' title='bbox 4061 1011 4494 1113; x_wconf 91' lang='lat' dir='ltr'>plerumque</span> 
     </span>
     <span class='ocr_line' id='line_1_5' title="bbox 1220 1127 4492 1238; baseline -0.002 -27"><span class='ocrx_word' id='word_1_23' title='bbox 1220 1135 1623 1238; x_wconf 85' lang='lat' dir='ltr'>inquinans.</span> <span class='ocrx_word' id='word_1_24' title='bbox 1741 1130 2082 1207; x_wconf 79' lang='lat' dir='ltr'>Continet</span> <span class='ocrx_word' id='word_1_25' title='bbox 2164 1127 2551 1229; x_wconf 84' lang='lat' dir='ltr'>crystallos</span> <span class='ocrx_word' id='word_1_26' title='bbox 2606 1127 2856 1229; x_wconf 90' lang='lat' dir='ltr'>Spathi</span> <span class='ocrx_word' id='word_1_27' title='bbox 2929 1129 3216 1206; x_wconf 89' lang='lat' dir='ltr'>calcarii</span> <span class='ocrx_word' id='word_1_28' title='bbox 3293 1139 3369 1204; x_wconf 90' lang='lat' dir='ltr'>et</span> <span class='ocrx_word' id='word_1_29' title='bbox 3441 1129 3822 1205; x_wconf 88' lang='lat' dir='ltr'>innumera</span> <span class='ocrx_word' id='word_1_30' title='bbox 3888 1129 4220 1206; x_wconf 83' lang='lat' dir='ltr'>conferta</span> <span class='ocrx_word' id='word_1_31' title='bbox 4271 1154 4492 1230; x_wconf 88' lang='lat' dir='ltr'>parva</span> 
     </span>
     <span class='ocr_line' id='line_1_6' title="bbox 1224 1244 2907 1348; baseline -0.004 -21"><span class='ocrx_word' id='word_1_32' title='bbox 1224 1251 1544 1336; x_wconf 87' lang='lat' dir='ltr'>Coralla,</span> <span class='ocrx_word' id='word_1_33' title='bbox 1599 1250 1920 1348; x_wconf 82' lang='lat' dir='ltr'>itemque</span> <span class='ocrx_word' id='word_1_34' title='bbox 1972 1246 2194 1322; x_wconf 87' lang='lat' dir='ltr'>multa</span> <span class='ocrx_word' id='word_1_35' title='bbox 2246 1245 2385 1320; x_wconf 91' lang='lat' dir='ltr'>alia</span> <span class='ocrx_word' id='word_1_36' title='bbox 2435 1244 2907 1320; x_wconf 84' lang='lat' dir='ltr'>Petraesacta.</span> 
     </span>
    </p>
   </div>
   <div class='ocr_carea' id='block_1_4' title="bbox 1229 1377 4501 1600">
    <p class='ocr_par' dir='ltr' id='par_1_4' title="bbox 1229 1377 4501 1600">
     <span class='ocr_line' id='line_1_7' title="bbox 1520 1377 4501 1482; baseline -0.002 -24"><span class='ocrx_word' id='word_1_37' title='bbox 1520 1409 1585 1458; x_wconf 89' lang='lat' dir='ltr'>e.</span> <span class='ocrx_word' id='word_1_38' title='bbox 1635 1383 1825 1459; x_wconf 72' lang='lat' dir='ltr'>Calae</span> <span class='ocrx_word' id='word_1_39' title='bbox 1857 1384 2262 1482; x_wconf 80' lang='lat' dir='ltr'>planorum.</span> <span class='ocrx_word' id='word_1_40' title='bbox 2372 1377 2895 1479; x_wconf 69' lang='lat' dir='ltr'>(Planerkalk).</span> <span class='ocrx_word' id='word_1_41' title='bbox 3028 1381 3243 1455; x_wconf 90' lang='lat' dir='ltr'>Creta</span> <span class='ocrx_word' id='word_1_42' title='bbox 3327 1377 3746 1481; x_wconf 79' lang='lat' dir='ltr'>argillacea,</span> <span class='ocrx_word' id='word_1_43' title='bbox 3831 1377 4196 1454; x_wconf 87' lang='lat' dir='ltr'>interdum</span> <span class='ocrx_word' id='word_1_44' title='bbox 4273 1377 4501 1453; x_wconf 86' lang='lat' dir='ltr'>inclu-</span> 
     </span>
     <span class='ocr_line' id='line_1_8' title="bbox 1229 1493 4304 1600; baseline -0.003 -23"><span class='ocrx_word' id='word_1_45' title='bbox 1229 1503 1413 1577; x_wconf 86' lang='lat' dir='ltr'>dens</span> <span class='ocrx_word' id='word_1_46' title='bbox 1462 1500 1823 1600; x_wconf 89' lang='lat' dir='ltr'>impressa</span> <span class='ocrx_word' id='word_1_47' title='bbox 1873 1493 2387 1599; x_wconf 81' lang='lat' dir='ltr'>vegetabilium</span> <span class='ocrx_word' id='word_1_48' title='bbox 2432 1493 2738 1597; x_wconf 82' lang='lat' dir='ltr'>vestigia</span> <span class='ocrx_word' id='word_1_49' title='bbox 2773 1505 2848 1570; x_wconf 90' lang='lat' dir='ltr'>et</span> <span class='ocrx_word' id='word_1_50' title='bbox 2898 1506 3197 1571; x_wconf 89' lang='lat' dir='ltr'>truncos</span> <span class='ocrx_word' id='word_1_51' title='bbox 3249 1493 3597 1570; x_wconf 89' lang='lat' dir='ltr'>arborum</span> <span class='ocrx_word' id='word_1_52' title='bbox 3649 1495 4304 1596; x_wconf 90' lang='lat' dir='ltr'>Dicotyledonum.</span> 
     </span>
    </p>
   </div>
   <div class='ocr_carea' id='block_1_5' title="bbox 1523 1627 4494 1716">
    <p class='ocr_par' dir='ltr' id='par_1_5' title="bbox 1523 1627 4494 1716">
     <span class='ocr_line' id='line_1_9' title="bbox 1523 1627 4494 1716; baseline -0.001 -9"><span class='ocrx_word' id='word_1_53' title='bbox 1523 1630 1568 1706; x_wconf 85' lang='lat' dir='ltr'>s.</span> <span class='ocrx_word' id='word_1_54' title='bbox 1632 1631 1820 1707; x_wconf 78' lang='lat' dir='ltr'>Caloe</span> <span class='ocrx_word' id='word_1_55' title='bbox 1876 1628 2394 1703; x_wconf 75' lang='lat' dir='ltr'>Purbechensis.</span> <span class='ocrx_word' id='word_1_56' title='bbox 2503 1628 2686 1704; x_wconf 85' lang='lat' dir='ltr'>Calx</span> <span class='ocrx_word' id='word_1_57' title='bbox 2748 1638 3020 1716; x_wconf 85' lang='lat' dir='ltr'>terrea,</span> <span class='ocrx_word' id='word_1_58' title='bbox 3098 1652 3491 1713; x_wconf 81' lang='lat' dir='ltr'>arenaeea.</span> <span class='ocrx_word' id='word_1_59' title='bbox 3557 1629 3871 1705; x_wconf 84' lang='lat' dir='ltr'>fractura</span> <span class='ocrx_word' id='word_1_60' title='bbox 3931 1627 4494 1705; x_wconf 85' lang='lat' dir='ltr'>conchaesormi.</span> 
     </span>
    </p>
   </div>
   <div class='ocr_carea' id='block_1_6' title="bbox 1222 1743 4500 1943">
    <p class='ocr_par' dir='ltr' id='par_1_6' title="bbox 1222 1743 4500 1943">
     <span class='ocr_line' id='line_1_10' title="bbox 1222 1743 4500 1848; baseline -0.002 -21"><span class='ocrx_word' id='word_1_61' title='bbox 1222 1750 1578 1830; x_wconf 82' lang='lat' dir='ltr'>Admixta</span> <span class='ocrx_word' id='word_1_62' title='bbox 1633 1761 1800 1822; x_wconf 86' lang='lat' dir='ltr'>sunt</span> <span class='ocrx_word' id='word_1_63' title='bbox 1879 1744 2057 1820; x_wconf 84' lang='lat' dir='ltr'>Calx</span> <span class='ocrx_word' id='word_1_64' title='bbox 2114 1743 2457 1819; x_wconf 86' lang='lat' dir='ltr'>oolithica</span> <span class='ocrx_word' id='word_1_65' title='bbox 2522 1755 2596 1822; x_wconf 91' lang='lat' dir='ltr'>et</span> <span class='ocrx_word' id='word_1_66' title='bbox 2645 1746 3132 1832; x_wconf 82' lang='lat' dir='ltr'>Petraefacta,</span> <span class='ocrx_word' id='word_1_67' title='bbox 3197 1745 3387 1822; x_wconf 89' lang='lat' dir='ltr'>inter</span> <span class='ocrx_word' id='word_1_68' title='bbox 3450 1772 3641 1848; x_wconf 89' lang='lat' dir='ltr'>quae</span> <span class='ocrx_word' id='word_1_69' title='bbox 3693 1747 4017 1823; x_wconf 85' lang='lat' dir='ltr'>eminent</span> <span class='ocrx_word' id='word_1_70' title='bbox 4068 1746 4500 1822; x_wconf 84' lang='lat' dir='ltr'>Crocodilus</span> 
     </span>
     <span class='ocr_line' id='line_1_11' title="bbox 1235 1863 1709 1943; baseline -0.011 0"><span class='ocrx_word' id='word_1_71' title='bbox 1235 1876 1310 1943; x_wconf 93' lang='lat' dir='ltr'>et</span> <span class='ocrx_word' id='word_1_72' title='bbox 1358 1863 1709 1941; x_wconf 88' lang='lat' dir='ltr'>Testudo.</span> 
     </span>
    </p>
   </div>
   <div class='ocr_carea' id='block_1_7' title="bbox 1226 1995 4504 2217">
    <p class='ocr_par' dir='ltr' id='par_1_7' title="bbox 1226 1995 4504 2217">
     <span class='ocr_line' id='line_1_12' title="bbox 1432 1995 4504 2098; baseline -0 -25"><span class='ocrx_word' id='word_1_73' title='bbox 1432 2001 1710 2075; x_wconf 68' lang='lat' dir='ltr'>Samum</span> <span class='ocrx_word' id='word_1_74' title='bbox 1792 1997 2179 2069; x_wconf 80' lang='lat' dir='ltr'>calcarium</span> <span class='ocrx_word' id='word_1_75' title='bbox 2256 2013 2640 2069; x_wconf 80' lang='lat' dir='ltr'>cretaceum</span> <span class='ocrx_word' id='word_1_76' title='bbox 2716 1996 3034 2071; x_wconf 89' lang='lat' dir='ltr'>occurrit</span> <span class='ocrx_word' id='word_1_77' title='bbox 3097 1996 3172 2070; x_wconf 91' lang='lat' dir='ltr'>in</span> <span class='ocrx_word' id='word_1_78' title='bbox 3237 1996 3504 2072; x_wconf 91' lang='lat' dir='ltr'>Suecia</span> <span class='ocrx_word' id='word_1_79' title='bbox 3554 1995 3649 2072; x_wconf 90' lang='lat' dir='ltr'>ad</span> <span class='ocrx_word' id='word_1_80' title='bbox 3726 1997 3939 2073; x_wconf 91' lang='lat' dir='ltr'>litora</span> <span class='ocrx_word' id='word_1_81' title='bbox 4002 1995 4504 2098; x_wconf 83' lang='lat' dir='ltr'>praefecturae</span> 
     </span>
     <span class='ocr_line' id='line_1_13' title="bbox 1226 2111 3154 2217; baseline -0.005 -21"><span class='ocrx_word' id='word_1_82' title='bbox 1226 2115 1696 2217; x_wconf 80' lang='lat' dir='ltr'>Malmogiae,</span> <span class='ocrx_word' id='word_1_83' title='bbox 1751 2111 1888 2186; x_wconf 91' lang='lat' dir='ltr'>sed</span> <span class='ocrx_word' id='word_1_84' title='bbox 1937 2112 2363 2211; x_wconf 87' lang='lat' dir='ltr'>praesertim</span> <span class='ocrx_word' id='word_1_85' title='bbox 2416 2111 2490 2185; x_wconf 91' lang='lat' dir='ltr'>in</span> <span class='ocrx_word' id='word_1_86' title='bbox 2530 2112 2780 2187; x_wconf 86' lang='lat' dir='ltr'>insulis</span> <span class='ocrx_word' id='word_1_87' title='bbox 2835 2112 3154 2188; x_wconf 90' lang='lat' dir='ltr'>Danicis.</span> 
     </span>
    </p>
   </div>
   <div class='ocr_carea' id='block_1_8' title="bbox 1234 2242 4509 2698">
    <p class='ocr_par' dir='ltr' id='par_1_8' title="bbox 1234 2242 4509 2698">
     <span class='ocr_line' id='line_1_14' title="bbox 1433 2242 4509 2347; baseline 0.001 -25"><span class='ocrx_word' id='word_1_88' title='bbox 1433 2250 1504 2324; x_wconf 89' lang='lat'>5.</span> <span class='ocrx_word' id='word_1_89' title='bbox 1559 2249 1856 2343; x_wconf 76' lang='lat' dir='ltr'>Mar-ga.</span> <span class='ocrx_word' id='word_1_90' title='bbox 1965 2242 2325 2346; x_wconf 76' lang='lat' dir='ltr'>(Met-gel).</span> <span class='ocrx_word' id='word_1_91' title='bbox 2432 2244 2855 2320; x_wconf 88' lang='lat' dir='ltr'>Sedimenta</span> <span class='ocrx_word' id='word_1_92' title='bbox 2895 2244 3215 2347; x_wconf 91' lang='lat' dir='ltr'>pulveris</span> <span class='ocrx_word' id='word_1_93' title='bbox 3269 2245 3683 2322; x_wconf 88' lang='lat' dir='ltr'>carbonatis</span> <span class='ocrx_word' id='word_1_94' title='bbox 3721 2248 3969 2325; x_wconf 90' lang='lat' dir='ltr'>calcici</span> <span class='ocrx_word' id='word_1_95' title='bbox 4009 2250 4255 2325; x_wconf 85' lang='lat' dir='ltr'>intime</span> <span class='ocrx_word' id='word_1_96' title='bbox 4306 2276 4509 2325; x_wconf 89' lang='lat' dir='ltr'>com-</span> 
     </span>
     <span class='ocr_line' id='line_1_15' title="bbox 1234 2360 4508 2469; baseline -0 -25"><span class='ocrx_word' id='word_1_97' title='bbox 1234 2366 1443 2444; x_wconf 86' lang='lat' dir='ltr'>mixti</span> <span class='ocrx_word' id='word_1_98' title='bbox 1495 2388 1661 2440; x_wconf 92' lang='lat' dir='ltr'>cum</span> <span class='ocrx_word' id='word_1_99' title='bbox 1714 2360 2078 2462; x_wconf 83' lang='lat' dir='ltr'>particulis</span> <span class='ocrx_word' id='word_1_100' title='bbox 2130 2361 2536 2463; x_wconf 78' lang='lat' dir='ltr'>argillaceis</span> <span class='ocrx_word' id='word_1_101' title='bbox 2587 2361 2703 2435; x_wconf 90' lang='lat' dir='ltr'>vel</span> <span class='ocrx_word' id='word_1_102' title='bbox 2757 2361 3041 2437; x_wconf 86' lang='lat' dir='ltr'>siliceis.</span> <span class='ocrx_word' id='word_1_103' title='bbox 3146 2363 3494 2439; x_wconf 86' lang='lat' dir='ltr'>Fractura</span> <span class='ocrx_word' id='word_1_104' title='bbox 3534 2377 3807 2450; x_wconf 86' lang='lat' dir='ltr'>terrea.</span> <span class='ocrx_word' id='word_1_105' title='bbox 3863 2366 4303 2469; x_wconf 83' lang='lat' dir='ltr'>confragosa</span> <span class='ocrx_word' id='word_1_106' title='bbox 4356 2367 4508 2443; x_wconf 83' lang='lat' dir='ltr'>fere</span> 
     </span>
     <span class='ocr_line' id='line_1_16' title="bbox 1235 2478 4507 2583; baseline -0 -22"><span class='ocrx_word' id='word_1_107' title='bbox 1235 2487 1633 2565; x_wconf 83' lang='lat' dir='ltr'>festucosa,</span> <span class='ocrx_word' id='word_1_108' title='bbox 1686 2487 1904 2578; x_wconf 91' lang='lat' dir='ltr'>prout</span> <span class='ocrx_word' id='word_1_109' title='bbox 1961 2478 2236 2553; x_wconf 87' lang='lat' dir='ltr'>calcem</span> <span class='ocrx_word' id='word_1_110' title='bbox 2290 2478 2633 2553; x_wconf 90' lang='lat' dir='ltr'>continet.</span> <span class='ocrx_word' id='word_1_111' title='bbox 2740 2478 2882 2552; x_wconf 92' lang='lat' dir='ltr'>Vel</span> <span class='ocrx_word' id='word_1_112' title='bbox 2939 2478 3152 2567; x_wconf 87' lang='lat' dir='ltr'>dura,</span> <span class='ocrx_word' id='word_1_113' title='bbox 3215 2479 3334 2553; x_wconf 88' lang='lat' dir='ltr'>vel</span> <span class='ocrx_word' id='word_1_114' title='bbox 3393 2490 3667 2568; x_wconf 84' lang='lat' dir='ltr'>terrea,</span> <span class='ocrx_word' id='word_1_115' title='bbox 3729 2482 4002 2583; x_wconf 78' lang='lat' dir='ltr'>grisea,</span> <span class='ocrx_word' id='word_1_116' title='bbox 4065 2485 4284 2572; x_wconf 84' lang='lat' dir='ltr'>flava,</span> <span class='ocrx_word' id='word_1_117' title='bbox 4345 2485 4507 2559; x_wconf 88' lang='lat' dir='ltr'>viri-</span> 
     </span>
     <span class='ocr_line' id='line_1_17' title="bbox 1239 2593 4184 2698; baseline -0 -23"><span class='ocrx_word' id='word_1_118' title='bbox 1239 2601 1384 2686; x_wconf 88' lang='lat' dir='ltr'>dis,</span> <span class='ocrx_word' id='word_1_119' title='bbox 1439 2598 1644 2673; x_wconf 83' lang='lat' dir='ltr'>fusca</span> <span class='ocrx_word' id='word_1_120' title='bbox 1695 2595 1811 2669; x_wconf 90' lang='lat' dir='ltr'>vel</span> <span class='ocrx_word' id='word_1_121' title='bbox 1860 2593 2084 2669; x_wconf 88' lang='lat' dir='ltr'>rubra</span> <span class='ocrx_word' id='word_1_122' title='bbox 2134 2595 2251 2669; x_wconf 90' lang='lat' dir='ltr'>vel</span> <span class='ocrx_word' id='word_1_123' title='bbox 2303 2595 2543 2669; x_wconf 88' lang='lat' dir='ltr'>striata</span> <span class='ocrx_word' id='word_1_124' title='bbox 2602 2593 2720 2669; x_wconf 93' lang='lat' dir='ltr'>vel</span> <span class='ocrx_word' id='word_1_125' title='bbox 2781 2593 3149 2681; x_wconf 89' lang='lat' dir='ltr'>unicolor,</span> <span class='ocrx_word' id='word_1_126' title='bbox 3204 2619 3386 2698; x_wconf 87' lang='lat' dir='ltr'>ergo</span> <span class='ocrx_word' id='word_1_127' title='bbox 3435 2597 3755 2673; x_wconf 86' lang='lat' dir='ltr'>maxime</span> <span class='ocrx_word' id='word_1_128' title='bbox 3798 2598 4184 2676; x_wconf 78' lang='lat' dir='ltr'>variabilis,</span> 
     </span>
    </p>
   </div>
   <div class='ocr_carea' id='block_1_9' title="bbox 1534 2728 2458 2829">
    <p class='ocr_par' dir='ltr' id='par_1_9' title="bbox 1534 2728 2458 2829">
     <span class='ocr_line' id='line_1_18' title="bbox 1534 2728 2458 2829; baseline -0.005 -24"><span class='ocrx_word' id='word_1_129' title='bbox 1534 2733 1722 2805; x_wconf 84' lang='lat' dir='ltr'>Gen.</span> <span class='ocrx_word' id='word_1_130' title='bbox 1783 2729 1849 2804; x_wconf 92' lang='lat'>7.</span> <span class='ocrx_word' id='word_1_131' title='bbox 1913 2728 2101 2804; x_wconf 74' lang='lat' dir='ltr'>Cala:</span> <span class='ocrx_word' id='word_1_132' title='bbox 2157 2728 2458 2829; x_wconf 76' lang='lat' dir='ltr'>Tophus.</span> 
     </span>
    </p>
   </div>
   <div class='ocr_carea' id='block_1_10' title="bbox 1238 2858 4514 3315">
    <p class='ocr_par' dir='ltr' id='par_1_10' title="bbox 1238 2858 4514 3315">
     <span class='ocr_line' id='line_1_19' title="bbox 1445 2858 4511 2967; baseline 0.001 -29"><span class='ocrx_word' id='word_1_133' title='bbox 1445 2868 1507 2938; x_wconf 90' lang='lat'>1.</span> <span class='ocrx_word' id='word_1_134' title='bbox 1573 2862 1761 2938; x_wconf 80' lang='lat' dir='ltr'>Calae</span> <span class='ocrx_word' id='word_1_135' title='bbox 1811 2865 2263 2960; x_wconf 74' lang='lat' dir='ltr'>confragosa.</span> <span class='ocrx_word' id='word_1_136' title='bbox 2370 2858 2844 2961; x_wconf 90' lang='lat' dir='ltr'>(Grobkalk).</span> <span class='ocrx_word' id='word_1_137' title='bbox 2950 2858 3186 2962; x_wconf 84' lang='lat' dir='ltr'>Magis</span> <span class='ocrx_word' id='word_1_138' title='bbox 3269 2861 3600 2936; x_wconf 90' lang='lat' dir='ltr'>minusve</span> <span class='ocrx_word' id='word_1_139' title='bbox 3680 2871 3935 2951; x_wconf 89' lang='lat' dir='ltr'>tenax,</span> <span class='ocrx_word' id='word_1_140' title='bbox 4022 2866 4318 2967; x_wconf 89' lang='lat' dir='ltr'>quando</span> <span class='ocrx_word' id='word_1_141' title='bbox 4373 2867 4511 2942; x_wconf 90' lang='lat' dir='ltr'>sic-</span> 
     </span>
     <span class='ocr_line' id='line_1_20' title="bbox 1241 2977 4512 3079; baseline -0 -20"><span class='ocrx_word' id='word_1_142' title='bbox 1241 2993 1399 3059; x_wconf 89' lang='lat' dir='ltr'>cata</span> <span class='ocrx_word' id='word_1_143' title='bbox 1449 2994 1597 3066; x_wconf 87' lang='lat' dir='ltr'>est,</span> <span class='ocrx_word' id='word_1_144' title='bbox 1652 2978 1911 3079; x_wconf 92' lang='lat' dir='ltr'>partim</span> <span class='ocrx_word' id='word_1_145' title='bbox 1966 2979 2040 3053; x_wconf 91' lang='lat' dir='ltr'>in</span> <span class='ocrx_word' id='word_1_146' title='bbox 2094 2977 2487 3078; x_wconf 82' lang='lat' dir='ltr'>crystallis,</span> <span class='ocrx_word' id='word_1_147' title='bbox 2544 3000 2841 3077; x_wconf 87' lang='lat' dir='ltr'>semper</span> <span class='ocrx_word' id='word_1_148' title='bbox 2889 3000 3161 3075; x_wconf 90' lang='lat' dir='ltr'>porosa</span> <span class='ocrx_word' id='word_1_149' title='bbox 3214 2986 3288 3052; x_wconf 88' lang='lat' dir='ltr'>et</span> <span class='ocrx_word' id='word_1_150' title='bbox 3339 2977 3638 3076; x_wconf 71' lang='lat' dir='ltr'>fragilis,</span> <span class='ocrx_word' id='word_1_151' title='bbox 3688 2979 4019 3056; x_wconf 88' lang='lat' dir='ltr'>subflava</span> <span class='ocrx_word' id='word_1_152' title='bbox 4067 2982 4111 3058; x_wconf 94' lang='lat' dir='ltr'>l.</span> <span class='ocrx_word' id='word_1_153' title='bbox 4163 2983 4372 3058; x_wconf 83' lang='lat' dir='ltr'>fusca</span> <span class='ocrx_word' id='word_1_154' title='bbox 4414 3010 4512 3058; x_wconf 90' lang='lat' dir='ltr'>ex</span> 
     </span>
     <span class='ocr_line' id='line_1_21' title="bbox 1241 3091 4514 3194; baseline 0 -19"><span class='ocrx_word' id='word_1_155' title='bbox 1241 3099 1465 3175; x_wconf 91' lang='lat' dir='ltr'>ochra</span> <span class='ocrx_word' id='word_1_156' title='bbox 1518 3096 1787 3182; x_wconf 82' lang='lat' dir='ltr'>ferrea,</span> <span class='ocrx_word' id='word_1_157' title='bbox 1844 3094 2118 3180; x_wconf 88' lang='lat' dir='ltr'>mollis,</span> <span class='ocrx_word' id='word_1_158' title='bbox 2176 3091 2471 3194; x_wconf 90' lang='lat' dir='ltr'>quando</span> <span class='ocrx_word' id='word_1_159' title='bbox 2510 3104 2746 3168; x_wconf 89' lang='lat' dir='ltr'>manet</span> <span class='ocrx_word' id='word_1_160' title='bbox 2771 3093 2844 3168; x_wconf 92' lang='lat' dir='ltr'>in</span> <span class='ocrx_word' id='word_1_161' title='bbox 2877 3103 3147 3168; x_wconf 90' lang='lat' dir='ltr'>monte.</span> <span class='ocrx_word' id='word_1_162' title='bbox 3233 3095 3571 3170; x_wconf 86' lang='lat' dir='ltr'>Continet</span> <span class='ocrx_word' id='word_1_163' title='bbox 3596 3096 3818 3170; x_wconf 90' lang='lat' dir='ltr'>multa</span> <span class='ocrx_word' id='word_1_164' title='bbox 3844 3097 4296 3175; x_wconf 84' lang='lat' dir='ltr'>Petraesacta</span> <span class='ocrx_word' id='word_1_165' title='bbox 4322 3100 4514 3175; x_wconf 90' lang='lat' dir='ltr'>Con-</span> 
     </span>
     <span class='ocr_line' id='line_1_22' title="bbox 1238 3208 2950 3315; baseline -0.005 -22"><span class='ocrx_word' id='word_1_166' title='bbox 1238 3217 1535 3293; x_wconf 88' lang='lat' dir='ltr'>charum</span> <span class='ocrx_word' id='word_1_167' title='bbox 1585 3237 1821 3315; x_wconf 90' lang='lat' dir='ltr'>aquae</span> <span class='ocrx_word' id='word_1_168' title='bbox 1874 3221 2024 3287; x_wconf 90' lang='lat' dir='ltr'>tum</span> <span class='ocrx_word' id='word_1_169' title='bbox 2079 3209 2441 3296; x_wconf 84' lang='lat' dir='ltr'>marinae,</span> <span class='ocrx_word' id='word_1_170' title='bbox 2496 3217 2646 3284; x_wconf 93' lang='lat' dir='ltr'>tum</span> <span class='ocrx_word' id='word_1_171' title='bbox 2700 3208 2950 3285; x_wconf 76' lang='lat' dir='ltr'>dulcis,</span> 
     </span>
    </p>
   </div>
   <div class='ocr_carea' id='block_1_11' title="bbox 1440 3326 3965 3434">
    <p class='ocr_par' dir='ltr' id='par_1_11' title="bbox 1440 3326 3965 3434">
     <span class='ocr_line' id='line_1_23' title="bbox 1440 3326 3965 3434; baseline 0 -27"><span class='ocrx_word' id='word_1_172' title='bbox 1440 3333 1835 3430; x_wconf 88' lang='lat' dir='ltr'>Expansus</span> <span class='ocrx_word' id='word_1_173' title='bbox 1886 3328 1955 3401; x_wconf 90' lang='lat' dir='ltr'>in</span> <span class='ocrx_word' id='word_1_174' title='bbox 2007 3326 2313 3402; x_wconf 88' lang='lat' dir='ltr'>vallibus</span> <span class='ocrx_word' id='word_1_175' title='bbox 2365 3326 2752 3427; x_wconf 85' lang='lat' dir='ltr'>Sequanae</span> <span class='ocrx_word' id='word_1_176' title='bbox 2805 3330 3071 3424; x_wconf 72' lang='lat' dir='ltr'>(Scine)</span> <span class='ocrx_word' id='word_1_177' title='bbox 3130 3334 3203 3401; x_wconf 93' lang='lat' dir='ltr'>et</span> <span class='ocrx_word' id='word_1_178' title='bbox 3250 3327 3570 3403; x_wconf 84' lang='lat' dir='ltr'>Danubii</span> <span class='ocrx_word' id='word_1_179' title='bbox 3625 3333 3965 3434; x_wconf 75' lang='lat' dir='ltr'>(Danau).</span> 
     </span>
    </p>
   </div>
   <div class='ocr_carea' id='block_1_12' title="bbox 1125 3458 4516 3912">
    <p class='ocr_par' dir='ltr' id='par_1_12' title="bbox 1125 3458 4516 3912">
     <span class='ocr_line' id='line_1_24' title="bbox 1438 3458 4513 3563; baseline 0.001 -25"><span class='ocrx_word' id='word_1_180' title='bbox 1438 3468 1508 3540; x_wconf 79' lang='lat'>2.</span> <span class='ocrx_word' id='word_1_181' title='bbox 1568 3465 1756 3541; x_wconf 72' lang='lat' dir='ltr'>Cala:</span> <span class='ocrx_word' id='word_1_182' title='bbox 1806 3491 2031 3563; x_wconf 76' lang='lat' dir='ltr'>aquae</span> <span class='ocrx_word' id='word_1_183' title='bbox 2080 3462 2321 3534; x_wconf 77' lang='lat' dir='ltr'>dulcis.</span> <span class='ocrx_word' id='word_1_184' title='bbox 2425 3458 2668 3538; x_wconf 87' lang='lat' dir='ltr'>Massa</span> <span class='ocrx_word' id='word_1_185' title='bbox 2722 3459 2983 3545; x_wconf 87' lang='lat' dir='ltr'>densa,</span> <span class='ocrx_word' id='word_1_186' title='bbox 3048 3461 3412 3536; x_wconf 80' lang='lat' dir='ltr'>interdum</span> <span class='ocrx_word' id='word_1_187' title='bbox 3466 3461 3853 3551; x_wconf 86' lang='lat' dir='ltr'>schistosa‚</span> <span class='ocrx_word' id='word_1_188' title='bbox 3928 3463 4244 3540; x_wconf 83' lang='lat' dir='ltr'>fractura</span> <span class='ocrx_word' id='word_1_189' title='bbox 4285 3465 4513 3541; x_wconf 83' lang='lat' dir='ltr'>festu-</span> 
     </span>
     <span class='ocr_line' id='line_1_25' title="bbox 1125 3574 4516 3683; baseline 0 -25"><span class='ocrx_word' id='word_1_190' title='bbox 1125 3574 1135 3582; x_wconf 70' lang='grc'><strong><em>’</em></strong></span> <span class='ocrx_word' id='word_1_191' title='bbox 1252 3608 1459 3669; x_wconf 83' lang='lat' dir='ltr'>cosa,</span> <span class='ocrx_word' id='word_1_192' title='bbox 1514 3580 1880 3682; x_wconf 88' lang='lat' dir='ltr'>inaequali</span> <span class='ocrx_word' id='word_1_193' title='bbox 1934 3577 2215 3653; x_wconf 87' lang='lat' dir='ltr'>duritie.</span> <span class='ocrx_word' id='word_1_194' title='bbox 2318 3576 2547 3662; x_wconf 89' lang='lat' dir='ltr'>Alba,</span> <span class='ocrx_word' id='word_1_195' title='bbox 2601 3576 2840 3678; x_wconf 84' lang='lat' dir='ltr'>grisea</span> <span class='ocrx_word' id='word_1_196' title='bbox 2898 3591 2972 3652; x_wconf 91' lang='lat' dir='ltr'>et</span> <span class='ocrx_word' id='word_1_197' title='bbox 3018 3576 3254 3664; x_wconf 85' lang='lat' dir='ltr'>fusca,</span> <span class='ocrx_word' id='word_1_198' title='bbox 3306 3577 3669 3653; x_wconf 88' lang='lat' dir='ltr'>interdum</span> <span class='ocrx_word' id='word_1_199' title='bbox 3721 3580 4136 3683; x_wconf 85' lang='lat' dir='ltr'>inquinans,</span> <span class='ocrx_word' id='word_1_200' title='bbox 4190 3583 4516 3683; x_wconf 86' lang='lat' dir='ltr'>praedita</span> 
     </span>
     <span class='ocr_line' id='line_1_26' title="bbox 1246 3693 4512 3802; baseline 0 -29"><span class='ocrx_word' id='word_1_201' title='bbox 1246 3699 1445 3800; x_wconf 90' lang='lat' dir='ltr'>poris</span> <span class='ocrx_word' id='word_1_202' title='bbox 1495 3697 1589 3773; x_wconf 89' lang='lat' dir='ltr'>ab</span> <span class='ocrx_word' id='word_1_203' title='bbox 1646 3699 1796 3772; x_wconf 93' lang='lat' dir='ltr'>imo</span> <span class='ocrx_word' id='word_1_204' title='bbox 1841 3719 2132 3770; x_wconf 89' lang='lat' dir='ltr'>sursum</span> <span class='ocrx_word' id='word_1_205' title='bbox 2185 3718 2442 3769; x_wconf 88' lang='lat' dir='ltr'>versus</span> <span class='ocrx_word' id='word_1_206' title='bbox 2500 3693 2813 3769; x_wconf 84' lang='lat' dir='ltr'>directis.</span> <span class='ocrx_word' id='word_1_207' title='bbox 2922 3695 3179 3769; x_wconf 82' lang='lat' dir='ltr'>Latera</span> <span class='ocrx_word' id='word_1_208' title='bbox 3230 3719 3490 3769; x_wconf 91' lang='lat' dir='ltr'>eorum</span> <span class='ocrx_word' id='word_1_209' title='bbox 3541 3696 3795 3770; x_wconf 84' lang='lat' dir='ltr'>vestita</span> <span class='ocrx_word' id='word_1_210' title='bbox 3837 3708 4006 3774; x_wconf 88' lang='lat' dir='ltr'>sunt</span> <span class='ocrx_word' id='word_1_211' title='bbox 4033 3698 4293 3778; x_wconf 83' lang='lat' dir='ltr'>ochra.</span> <span class='ocrx_word' id='word_1_212' title='bbox 4327 3726 4512 3802; x_wconf 90' lang='lat' dir='ltr'>quae</span> 
     </span>
     <span class='ocr_line' id='line_1_27' title="bbox 1248 3810 3863 3912; baseline -0.001 -22"><span class='ocrx_word' id='word_1_213' title='bbox 1248 3814 1641 3890; x_wconf 82' lang='lat' dir='ltr'>nonnullos</span> <span class='ocrx_word' id='word_1_214' title='bbox 1695 3811 1946 3912; x_wconf 86' lang='lat' dir='ltr'>explet</span> <span class='ocrx_word' id='word_1_215' title='bbox 1996 3835 2244 3911; x_wconf 88' lang='lat' dir='ltr'>poros.</span> <span class='ocrx_word' id='word_1_216' title='bbox 2349 3810 2687 3886; x_wconf 86' lang='lat' dir='ltr'>Continet</span> <span class='ocrx_word' id='word_1_217' title='bbox 2739 3810 2905 3885; x_wconf 88' lang='lat' dir='ltr'>calx</span> <span class='ocrx_word' id='word_1_218' title='bbox 2958 3810 3280 3886; x_wconf 85' lang='lat' dir='ltr'>conchas</span> <span class='ocrx_word' id='word_1_219' title='bbox 3340 3836 3576 3912; x_wconf 90' lang='lat' dir='ltr'>aquae</span> <span class='ocrx_word' id='word_1_220' title='bbox 3613 3812 3863 3888; x_wconf 80' lang='lat' dir='ltr'>dulciS.</span> 
     </span>
    </p>
   </div>
   <div class='ocr_carea' id='block_1_13' title="bbox 1246 3943 4527 5338">
    <p class='ocr_par' dir='ltr' id='par_1_13' title="bbox 1246 3943 4518 4161">
     <span class='ocr_line' id='line_1_28' title="bbox 1542 3943 4518 4024; baseline 0.001 -4"><span class='ocrx_word' id='word_1_221' title='bbox 1542 3971 1603 4021; x_wconf 89' lang='lat' dir='ltr'>a.</span> <span class='ocrx_word' id='word_1_222' title='bbox 1666 3946 1852 4022; x_wconf 71' lang='lat' dir='ltr'>Cala:</span> <span class='ocrx_word' id='word_1_223' title='bbox 1915 3946 2169 4019; x_wconf 74' lang='lat' dir='ltr'>silicea.</span> <span class='ocrx_word' id='word_1_224' title='bbox 2274 3943 2533 4020; x_wconf 89' lang='lat' dir='ltr'>Omnis</span> <span class='ocrx_word' id='word_1_225' title='bbox 2618 3968 2857 4017; x_wconf 89' lang='lat' dir='ltr'>massa</span> <span class='ocrx_word' id='word_1_226' title='bbox 2920 3943 3137 4019; x_wconf 86' lang='lat' dir='ltr'>Silica</span> <span class='ocrx_word' id='word_1_227' title='bbox 3209 3954 3320 4019; x_wconf 91' lang='lat' dir='ltr'>est</span> <span class='ocrx_word' id='word_1_228' title='bbox 3398 3944 3693 4021; x_wconf 90' lang='lat' dir='ltr'>imbuta.</span> <span class='ocrx_word' id='word_1_229' title='bbox 3801 3948 3976 4024; x_wconf 89' lang='lat' dir='ltr'>Pori</span> <span class='ocrx_word' id='word_1_230' title='bbox 4040 3958 4211 4023; x_wconf 87' lang='lat' dir='ltr'>sunt</span> <span class='ocrx_word' id='word_1_231' title='bbox 4285 3949 4518 4024; x_wconf 91' lang='lat' dir='ltr'>vestiti</span> 
     </span>
     <span class='ocr_line' id='line_1_29' title="bbox 1246 4059 3558 4161; baseline -0.003 -18"><span class='ocrx_word' id='word_1_232' title='bbox 1246 4062 1729 4143; x_wconf 86' lang='lat' dir='ltr'>Stalactitibus</span> <span class='ocrx_word' id='word_1_233' title='bbox 1779 4059 2333 4138; x_wconf 85' lang='lat' dir='ltr'>Chalcedonicis</span> <span class='ocrx_word' id='word_1_234' title='bbox 2379 4061 2496 4135; x_wconf 92' lang='lat' dir='ltr'>vel</span> <span class='ocrx_word' id='word_1_235' title='bbox 2552 4061 2794 4161; x_wconf 88' lang='lat' dir='ltr'>parvis</span> <span class='ocrx_word' id='word_1_236' title='bbox 2850 4061 3124 4152; x_wconf 85' lang='lat' dir='ltr'>Quarzi</span> <span class='ocrx_word' id='word_1_237' title='bbox 3181 4061 3558 4160; x_wconf 77' lang='lat' dir='ltr'>crystallis,</span> 
     </span>
    </p>

    <p class='ocr_par' dir='ltr' id='par_1_14' title="bbox 1246 4176 4518 4630">
     <span class='ocr_line' id='line_1_30' title="bbox 1447 4176 4514 4264; baseline -0 -8"><span class='ocrx_word' id='word_1_238' title='bbox 1447 4184 1512 4258; x_wconf 87' lang='grc'>3.</span> <span class='ocrx_word' id='word_1_239' title='bbox 1631 4183 2064 4254; x_wconf 79' lang='lat' dir='ltr'>Travertino.</span> <span class='ocrx_word' id='word_1_240' title='bbox 2168 4178 2414 4256; x_wconf 87' lang='lat' dir='ltr'>Massa</span> <span class='ocrx_word' id='word_1_241' title='bbox 2481 4178 2788 4253; x_wconf 90' lang='lat' dir='ltr'>calcaria</span> <span class='ocrx_word' id='word_1_242' title='bbox 2854 4177 3115 4264; x_wconf 85' lang='lat' dir='ltr'>densa,</span> <span class='ocrx_word' id='word_1_243' title='bbox 3195 4176 3507 4254; x_wconf 83' lang='lat' dir='ltr'>fractura</span> <span class='ocrx_word' id='word_1_244' title='bbox 3569 4178 3933 4255; x_wconf 84' lang='lat' dir='ltr'>sestucosa</span> <span class='ocrx_word' id='word_1_245' title='bbox 3983 4182 4102 4256; x_wconf 88' lang='lat' dir='ltr'>vel</span> <span class='ocrx_word' id='word_1_246' title='bbox 4154 4180 4514 4258; x_wconf 87' lang='lat' dir='ltr'>conchae-</span> 
     </span>
     <span class='ocr_line' id='line_1_31' title="bbox 1248 4294 4511 4397; baseline -0.001 -24"><span class='ocrx_word' id='word_1_247' title='bbox 1248 4299 1464 4373; x_wconf 85' lang='lat' dir='ltr'>formi</span> <span class='ocrx_word' id='word_1_248' title='bbox 1535 4297 1652 4372; x_wconf 94' lang='lat' dir='ltr'>vel</span> <span class='ocrx_word' id='word_1_249' title='bbox 1736 4295 2061 4370; x_wconf 87' lang='lat' dir='ltr'>minutim</span> <span class='ocrx_word' id='word_1_250' title='bbox 2140 4320 2454 4397; x_wconf 85' lang='lat' dir='ltr'>granosa</span> <span class='ocrx_word' id='word_1_251' title='bbox 2542 4295 2658 4369; x_wconf 91' lang='lat' dir='ltr'>vel</span> <span class='ocrx_word' id='word_1_252' title='bbox 2708 4304 2968 4370; x_wconf 87' lang='lat' dir='ltr'>terrea.</span> <span class='ocrx_word' id='word_1_253' title='bbox 3076 4294 3420 4372; x_wconf 87' lang='lat' dir='ltr'>Subflava</span> <span class='ocrx_word' id='word_1_254' title='bbox 3476 4297 3593 4371; x_wconf 93' lang='lat' dir='ltr'>vel</span> <span class='ocrx_word' id='word_1_255' title='bbox 3646 4296 3978 4372; x_wconf 87' lang='lat' dir='ltr'>brunnea</span> <span class='ocrx_word' id='word_1_256' title='bbox 4031 4299 4146 4373; x_wconf 92' lang='lat' dir='ltr'>vel</span> <span class='ocrx_word' id='word_1_257' title='bbox 4201 4299 4511 4373; x_wconf 89' lang='lat' dir='ltr'>cinerea.</span> 
     </span>
     <span class='ocr_line' id='line_1_32' title="bbox 1246 4411 4518 4516; baseline -0.001 -25"><span class='ocrx_word' id='word_1_258' title='bbox 1246 4416 1421 4491; x_wconf 89' lang='lat' dir='ltr'>Pori</span> <span class='ocrx_word' id='word_1_259' title='bbox 1474 4413 1816 4498; x_wconf 84' lang='lat' dir='ltr'>conferti,</span> <span class='ocrx_word' id='word_1_260' title='bbox 1899 4421 2142 4487; x_wconf 88' lang='lat' dir='ltr'>crusta</span> <span class='ocrx_word' id='word_1_261' title='bbox 2207 4411 2622 4512; x_wconf 82' lang='lat' dir='ltr'>crystallina</span> <span class='ocrx_word' id='word_1_262' title='bbox 2690 4412 2880 4486; x_wconf 87' lang='lat' dir='ltr'>intus</span> <span class='ocrx_word' id='word_1_263' title='bbox 2934 4412 3186 4487; x_wconf 87' lang='lat' dir='ltr'>vestiti.</span> <span class='ocrx_word' id='word_1_264' title='bbox 3297 4413 3636 4489; x_wconf 88' lang='lat' dir='ltr'>Continet</span> <span class='ocrx_word' id='word_1_265' title='bbox 3686 4413 3854 4489; x_wconf 87' lang='lat' dir='ltr'>calx</span> <span class='ocrx_word' id='word_1_266' title='bbox 3913 4414 4235 4491; x_wconf 88' lang='lat' dir='ltr'>conchas</span> <span class='ocrx_word' id='word_1_267' title='bbox 4285 4440 4518 4516; x_wconf 86' lang='lat' dir='ltr'>aquae</span> 
     </span>
     <span class='ocr_line' id='line_1_33' title="bbox 1254 4528 2697 4630; baseline -0.004 -22"><span class='ocrx_word' id='word_1_268' title='bbox 1254 4532 1487 4608; x_wconf 90' lang='lat' dir='ltr'>dulcis</span> <span class='ocrx_word' id='word_1_269' title='bbox 1541 4541 1612 4608; x_wconf 88' lang='lat' dir='ltr'>et</span> <span class='ocrx_word' id='word_1_270' title='bbox 1656 4528 2114 4607; x_wconf 84' lang='lat' dir='ltr'>Petraesacta</span> <span class='ocrx_word' id='word_1_271' title='bbox 2162 4529 2697 4630; x_wconf 84' lang='lat' dir='ltr'>vegetabilium.</span> 
     </span>
    </p>

    <p class='ocr_par' dir='ltr' id='par_1_15' title="bbox 1251 4644 4524 4866">
     <span class='ocr_line' id='line_1_34' title="bbox 1551 4644 4524 4751; baseline 0 -27"><span class='ocrx_word' id='word_1_272' title='bbox 1551 4675 1612 4724; x_wconf 91' lang='lat' dir='ltr'>a.</span> <span class='ocrx_word' id='word_1_273' title='bbox 1669 4651 1899 4751; x_wconf 76' lang='lat' dir='ltr'>Lapis</span> <span class='ocrx_word' id='word_1_274' title='bbox 1951 4645 2449 4722; x_wconf 77' lang='lat' dir='ltr'>scatebrarmn.</span> <span class='ocrx_word' id='word_1_275' title='bbox 2568 4645 3155 4747; x_wconf 86' lang='lat' dir='ltr'>(Sprudelstein).</span> <span class='ocrx_word' id='word_1_276' title='bbox 3265 4644 3684 4746; x_wconf 88' lang='lat' dir='ltr'>Deponitur</span> <span class='ocrx_word' id='word_1_277' title='bbox 3756 4646 3950 4722; x_wconf 87' lang='lat' dir='ltr'>circa</span> <span class='ocrx_word' id='word_1_278' title='bbox 3999 4672 4227 4724; x_wconf 87' lang='lat' dir='ltr'>venas</span> <span class='ocrx_word' id='word_1_279' title='bbox 4276 4663 4351 4723; x_wconf 93' lang='lat' dir='ltr'>et</span> <span class='ocrx_word' id='word_1_280' title='bbox 4401 4674 4524 4724; x_wconf 88' lang='lat' dir='ltr'>ra-</span> 
     </span>
     <span class='ocr_line' id='line_1_35' title="bbox 1251 4763 2283 4866; baseline -0.005 -25"><span class='ocrx_word' id='word_1_281' title='bbox 1251 4767 1414 4841; x_wconf 88' lang='lat' dir='ltr'>dios</span> <span class='ocrx_word' id='word_1_282' title='bbox 1464 4790 1819 4866; x_wconf 89' lang='lat' dir='ltr'>aquarum</span> <span class='ocrx_word' id='word_1_283' title='bbox 1868 4763 2283 4838; x_wconf 90' lang='lat' dir='ltr'>calidarum.</span> 
     </span>
    </p>

    <p class='ocr_par' dir='ltr' id='par_1_16' title="bbox 1250 4878 4527 5338">
     <span class='ocr_line' id='line_1_36' title="bbox 1453 4878 4519 4985; baseline 0 -27"><span class='ocrx_word' id='word_1_284' title='bbox 1453 4887 1521 4960; x_wconf 76' lang='lat'>4.</span> <span class='ocrx_word' id='word_1_285' title='bbox 1586 4883 1774 4959; x_wconf 80' lang='lat' dir='ltr'>Caloe</span> <span class='ocrx_word' id='word_1_286' title='bbox 1854 4882 2134 4983; x_wconf 76' lang='lat' dir='ltr'>Tophus</span> <span class='ocrx_word' id='word_1_287' title='bbox 2211 4893 2610 4955; x_wconf 75' lang='lat' dir='ltr'>communis.</span> <span class='ocrx_word' id='word_1_288' title='bbox 2719 4878 2962 4955; x_wconf 89' lang='lat' dir='ltr'>Massa</span> <span class='ocrx_word' id='word_1_289' title='bbox 3034 4879 3341 4954; x_wconf 90' lang='lat' dir='ltr'>calcaria</span> <span class='ocrx_word' id='word_1_290' title='bbox 3422 4878 3586 4980; x_wconf 92' lang='lat' dir='ltr'>plus</span> <span class='ocrx_word' id='word_1_291' title='bbox 3663 4880 3997 4958; x_wconf 88' lang='lat' dir='ltr'>minusve</span> <span class='ocrx_word' id='word_1_292' title='bbox 4088 4883 4519 4985; x_wconf 83' lang='lat' dir='ltr'>spongiosa,</span> 
     </span>
     <span class='ocr_line' id='line_1_37' title="bbox 1253 4995 4527 5102; baseline -0 -26"><span class='ocrx_word' id='word_1_293' title='bbox 1253 5000 1656 5077; x_wconf 86' lang='lat' dir='ltr'>utricularis</span> <span class='ocrx_word' id='word_1_294' title='bbox 1700 5000 1816 5075; x_wconf 91' lang='lat' dir='ltr'>vel</span> <span class='ocrx_word' id='word_1_295' title='bbox 1867 4998 2219 5086; x_wconf 86' lang='lat' dir='ltr'>tubulata‚</span> <span class='ocrx_word' id='word_1_296' title='bbox 2306 4996 2654 5072; x_wconf 89' lang='lat' dir='ltr'>cellulosa</span> <span class='ocrx_word' id='word_1_297' title='bbox 2724 5007 2797 5073; x_wconf 93' lang='lat' dir='ltr'>et</span> <span class='ocrx_word' id='word_1_298' title='bbox 2863 4995 3411 5072; x_wconf 77' lang='lat' dir='ltr'>stalactiformis.</span> <span class='ocrx_word' id='word_1_299' title='bbox 3515 4999 3933 5099; x_wconf 86' lang='lat' dir='ltr'>Deponitur</span> <span class='ocrx_word' id='word_1_300' title='bbox 3976 5000 4071 5075; x_wconf 91' lang='lat' dir='ltr'>ad</span> <span class='ocrx_word' id='word_1_301' title='bbox 4124 5002 4527 5102; x_wconf 84' lang='lat' dir='ltr'>fragmenta</span> 
     </span>
     <span class='ocr_line' id='line_1_38' title="bbox 1250 5113 4524 5221; baseline -0 -27"><span class='ocrx_word' id='word_1_302' title='bbox 1250 5118 1759 5221; x_wconf 77' lang='lat' dir='ltr'>vegetabilium</span> <span class='ocrx_word' id='word_1_303' title='bbox 1840 5131 1913 5189; x_wconf 87' lang='lat' dir='ltr'>et</span> <span class='ocrx_word' id='word_1_304' title='bbox 1984 5115 2287 5190; x_wconf 86' lang='lat' dir='ltr'>includit</span> <span class='ocrx_word' id='word_1_305' title='bbox 2363 5113 2536 5188; x_wconf 85' lang='lat' dir='ltr'>solia</span> <span class='ocrx_word' id='word_1_306' title='bbox 2597 5115 3008 5215; x_wconf 87' lang='lat' dir='ltr'>specierum</span> <span class='ocrx_word' id='word_1_307' title='bbox 3065 5113 3304 5189; x_wconf 89' lang='lat' dir='ltr'>adhuc</span> <span class='ocrx_word' id='word_1_308' title='bbox 3357 5115 3783 5207; x_wconf 82' lang='lat' dir='ltr'>viventium,</span> <span class='ocrx_word' id='word_1_309' title='bbox 3833 5117 4155 5221; x_wconf 87' lang='lat' dir='ltr'>itemque</span> <span class='ocrx_word' id='word_1_310' title='bbox 4204 5116 4524 5193; x_wconf 90' lang='lat' dir='ltr'>conchas</span> 
     </span>
     <span class='ocr_line' id='line_1_39' title="bbox 1255 5230 3304 5338; baseline -0.002 -26"><span class='ocrx_word' id='word_1_311' title='bbox 1255 5262 1491 5338; x_wconf 87' lang='lat' dir='ltr'>aquae</span> <span class='ocrx_word' id='word_1_312' title='bbox 1545 5233 1796 5311; x_wconf 90' lang='lat' dir='ltr'>dulcis.</span> <span class='ocrx_word' id='word_1_313' title='bbox 1905 5232 2130 5319; x_wconf 90' lang='lat' dir='ltr'>Alba,</span> <span class='ocrx_word' id='word_1_314' title='bbox 2185 5231 2456 5336; x_wconf 83' lang='lat' dir='ltr'>grisea,</span> <span class='ocrx_word' id='word_1_315' title='bbox 2512 5230 2874 5312; x_wconf 87' lang='lat' dir='ltr'>interdum</span> <span class='ocrx_word' id='word_1_316' title='bbox 2926 5231 3304 5312; x_wconf 88' lang='lat' dir='ltr'>ochracea.</span> 
     </span>
    </p>
   </div>
   <div class='ocr_carea' id='block_1_14' title="bbox 4922 2332 4949 4884">
    <p class='ocr_par' dir='ltr' id='par_1_17' title="bbox 4922 2332 4949 4884">
     <span class='ocr_line' id='line_1_40' title="bbox 4922 2332 4949 4884; baseline 0 0"><span class='ocrx_word' id='word_1_317' title='bbox 4922 2332 4949 4884; x_wconf 95' lang='lat' dir='ltr'> </span> 
     </span>
    </p>
   </div>
   <div class='ocr_carea' id='block_1_15' title="bbox 4932 5871 4939 6474">
    <p class='ocr_par' dir='ltr' id='par_1_18' title="bbox 4932 5871 4939 6474">
     <span class='ocr_line' id='line_1_41' title="bbox 4932 5871 4939 6474; baseline 0 0"><span class='ocrx_word' id='word_1_318' title='bbox 4932 5871 4939 6474; x_wconf 95' lang='lat' dir='ltr'> </span> 
     </span>
    </p>
   </div>
  </div>
 </body>
</html>
