4984 6517
3495 565 3663 653 369

508 774 805 848 husiensi
859 775 1131 847 omnino
1186 787 1596 872 congruunt,
1642 800 1776 848 nec
1824 785 2109 872 utraque
2170 773 2397 872 quoad
2453 776 2822 848 crassitiem
2880 774 3056 848 thalli
3106 781 3305 877 5352!
3356 777 3591 851 differt.
3676 823 3770 836 —

517 888 691 964 Ulva
742 892 1062 965 latissima
1122 891 1336 990 Phyc.
1385 891 1676 975 Soand„
1729 904 1798 964 et
1850 917 1890 964 e
1941 892 2107 963 mari
2142 890 2633 964 mediterraneo
2686 903 2755 964 et
2801 889 3195 968 Britannico
3250 894 3337 968 ad
3387 922 3516 971 nos
3542 896 3770 983 allata,

510 1021 617 1082 est
666 1011 939 1082 omnino
993 1010 1372 1083 verissima!
1459 1007 1756 1107 Species
1804 1010 2032 1107 itaque
2089 1011 2381 1082 existere
2435 1009 2964 1083 distinctissimas
3014 1024 3084 1084 et
3133 1011 3405 1084 limitatu
3457 1039 3592 1086 non
3649 1016 3772 1099 ita,

511 1137 584 1197 ut
660 1126 870 1224 vulgo
950 1126 1265 1213 creditur,
1341 1126 1679 1214 difficiles,
1726 1151 1880 1200 cum
1927 1126 2080 1198 mihi
2132 1151 2533 1224 persuasum
2586 1128 2703 1213 sit,
2772 1125 2907 1202 hoc
2958 1129 3114 1201 loco
3167 1131 3519 1204 nonnullas
3570 1131 3771 1227 hujus

509 1245 781 1340 generis
833 1246 1106 1341 species
1157 1270 1371 1317 novas
1424 1269 1813 1342 proponere
1866 1245 2190 1317 conabor.

811 1391 888 1465 In
940 1391 1109 1464 duas
1154 1392 1529 1491 phalanges
1573 1394 2089 1467 naturalissimas
2142 1394 2446 1491 perbene
2502 1392 2890 1490 dispertitur
2941 1393 3074 1466 boc
3148 1419 3405 1492 genus,
3488 1420 3770 1492 quarum

509 1535 758 1608 nempe
826 1513 890 1582 in
965 1510 1170 1583 altera
1225 1521 1331 1583 est
1413 1509 1652 1581 thallus
1727 1513 1962 1596 unico,
2013 1513 2079 1583 in
2133 1510 2337 1583 altera
2393 1509 2666 1583 duobus
2720 1509 3104 1582 cellularum
3154 1510 3375 1584 stratis
3429 1511 3769 1585 formatus.

510 1624 806 1725 Species
884 1627 1057 1700 illius
1132 1627 1485 1726 phalangis
1537 1626 2033 1726 hemisphaerio
2087 1629 2343 1701 boreali
2394 1630 2627 1725 privae
2680 1627 3006 1714 videntur,
3052 1629 3178 1700 nisi
3225 1625 3406 1700 Ulva
3456 1630 3770 1702 latissima

509 1744 725 1817 Kic'tz.
777 1743 911 1816 huc
952 1771 1116 1818 vere
1162 1749 1510 1842 pertineat.
1592 1742 1888 1844 Species
1935 1756 2157 1818 autem
2209 1744 2411 1817 thallo
2466 1743 2737 1817 duobus
2792 1745 3179 1818 cellularum
3209 1748 3430 1819 stratis
3460 1747 3772 1819 confecto

507 1865 572 1933 in
624 1862 919 1934 maribus
970 1863 1371 1935 australibus
1417 1875 1572 1937 sunt
1622 1863 2029 1960 frequentes.
2147 1860 2402 1960 Opinio
2472 1861 2613 1947 illa,
2683 1874 2885 1934 strata
2956 1862 3092 1934 duo
3147 1863 3533 1936 cellularum
3607 1888 3772 1935 con—

508 1981 809 2052 cretione
867 1981 1214 2078 utriusque
1268 1981 1491 2055 lateris
1542 1979 1721 2052 thalli
1768 1981 2072 2079 primitus
2121 1980 2414 2052 tubulosi
2469 1979 2506 2049 l.
2558 1980 2706 2050 cavi
2755 1981 3125 2065 exstitisse,
3194 1981 3390 2054 nullis
3468 1992 3574 2054 est
3643 1981 3770 2053 ob-

509 2097 1000 2169 servationibus
1054 2097 1461 2170 confirmata.
1567 2096 1644 2170 In
1697 2099 2002 2172 sectione
2052 2096 2477 2169 transversali
2528 2094 2707 2167 thalli
2738 2097 3140 2170 observatur
3189 2102 3363 2171 inter
3412 2108 3770 2194 utrumque

508 2212 894 2287 cellularum
965 2224 1242 2286 stratum
1322 2216 1489 2289 linea
1565 2214 1860 2316 hyalina,
1907 2218 1972 2287 in
2028 2213 2312 2287 diversis
2371 2214 2739 2312 speciebus
2796 2212 3105 2286 diversae
3164 2214 3553 2301 latitudinis,
3604 2215 3761 2289 sub·

507 2332 840 2417 stantiam,
891 2356 1068 2429 quae
1122 2332 1379 2419 dicitur,
1430 2333 1983 2405 intercellularem
2037 2331 2383 2404 denotans.

912 2502 974 2573 1.
1060 2498 1278 2577 ULvA
1330 2522 1684 2576 caenum
1740 2499 2028 2574 Aresch.
2088 2497 2305 2597 Phyc.
2372 2497 2549 2599 Cap.
2596 2526 2682 2599 p.
2740 2504 2838 2574 15.

810 2631 1070 2708 Thallo
1113 2634 1396 2709 intense
1450 2632 1664 2708 viridi
1697 2658 1741 2709 e
1784 2631 2078 2707 duobus
2120 2630 2543 2706 cellularum
2588 2631 2823 2706 stratis
2849 2631 3163 2707 formato
3198 2635 3369 2721 0,07
3411 2634 3455 2708 1.
3502 2635 3769 2721 0,102¹.¹?

508 2777 755 2828 crasso
832 2751 1161 2853 primitus
1236 2750 1704 2826 umbilicatim
1780 2749 2046 2823 adnato
2119 2748 2441 2849 undique
2494 2772 2829 2847 expanso
2879 2747 3132 2823 lobato
3187 2750 3538 2853 varieque
3588 2753 3767 2827 fisso

508 2868 827 2972 denique
883 2869 1226 2969 elongato
1277 2867 1532 2943 lineari
1581 2866 1893 2966 stipitato
1947 2863 2262 2965 elliptico
2314 2864 2603 2966 integro
2654 2864 2698 2939 l.
2749 2862 2998 2940 lobato
3028 2867 3357 2970 margine
3376 2868 3764 2944 undulato-

505 2987 750 3061 lacero
803 2986 964 3061 basi
1011 2985 1086 3060 in
1137 2984 1450 3087 stipitem
1497 2984 1848 3060 linearem
1900 2990 2300 3070 attenuato,
2356 2979 2634 3056 cellulis
2687 2981 3122 3059 verticaliter
3158 2983 3554 3062 linearibus
3581 2985 3760 3062 den-

505 3102 822 3179 sissimis.

901 3254 1081 3329 Ulva
1131 3255 1446 3331 Lactuca
1508 3252 1775 3329 Thunb.
1829 3256 1943 3329 Fl.
2010 3255 2187 3355 Cap.
2243 3258 2343 3329 ed.
2400 3254 2669 3329 Schult.
2707 3284 2793 3357 p.
2848 3260 2993 3330 751.

898 3418 1071 3429 —
1126 3371 1360 3475 rigida
1408 3375 1551 3467 Ag.
1608 3372 1806 3472 Spec.
1864 3374 2029 3468 Alg.
2072 3400 2155 3471 p.
2214 3382 2331 3448 410
2387 3372 2568 3474 fiee.
2626 3371 2744 3444 loc.
2800 3371 3133 3474 capon-r.)

899 3534 1071 3549 —
1124 3489 1442 3564 Lactuoa
1502 3518 1651 3563 var.
1721 3487 2146 3563 umbilicalis
2199 3499 2272 3563 et
2322 3519 2472 3563 var.
2526 3486 2843 3590 simplex
2905 3489 3252 3590 Rudolph.
3311 3502 3385 3563 in
3439 3490 3764 3563 Linnaea

1122 3612 1280 3681 1851
1316 3633 1402 3705 p.
1459 3611 1600 3681 179.

900 3762 1072 3778 --
1129 3720 1429 3795 uncialis
1481 3750 1607 3796 von
1657 3720 1872 3795 Subr.
1932 3764 2025 3778 —
2084 3722 2332 3816 Drbge
2383 3721 2678 3793 Docum.
2719 3747 2804 3820 p.
2861 3730 2982 3795 m.

900 3881 1072 3894 --
1125 3835 1469 3912 latissima
1518 3841 1760 3934 Drbge
1801 3838 1845 3911 l.
1901 3866 1959 3910 c.
2001 3865 2087 3938 p.
2143 3848 2262 3910 111.

902 3996 1074 4008 --
1123 3952 1439 4027 Lactuca
1490 3968 1537 4049 β
1582 3953 1924 4028 latissima
1976 3954 2284 4026 Krauss.
2348 3954 2695 4047 Beitrdge
2736 3979 2820 4052 p.
2874 3962 3012 4027 211.

898 4065 1349 4167 Phycoseris
1401 4068 1644 4145 lobata
1696 4085 1741 4166 β
1791 4068 2109 4144 africana
2166 4072 2384 4143 Kritz.
2445 4069 2645 4169 Spec.
2703 4070 2871 4165 Alg.
2909 4097 2995 4170 p.
3050 4078 3186 4143 211.

720 4193 731 4202 ’
804 4204 878 4275 A
926 4201 1087 4277 sinu
1141 4202 1516 4289 Tabulari,
1596 4202 1669 4277 in
1748 4228 1897 4304 quo
1958 4200 2574 4303 frequentissima,
2654 4226 2790 4302 per
2836 4211 3056 4276 totam
3113 4223 3319 4275 oram
3376 4200 3643 4301 Capitis
3695 4199 3764 4274 b.

507 4317 662 4418 spei
749 4317 1322 4406 meridionalem,
1387 4318 1619 4392 saltim
1700 4344 1938 4419 usque
1987 4320 2061 4393 in
2115 4317 2350 4393 sinum
2403 4317 2670 4419 Algoa.
2777 4316 2854 4390 Si
2931 4340 3413 4416 synonymon
3464 4320 3772 4392 Krausii

504 4435 597 4508 ad
650 4433 838 4510 hanc
885 4459 1063 4511 vere
1114 4434 1498 4536 pertineat,
1551 4436 1623 4510 in
1678 4435 1839 4510 sinu
1891 4433 2259 4510 Natalensi
2310 4433 2524 4508 etiam
2587 4432 2921 4508 occurrit.

666 4597 673 4605 ·
806 4569 1088 4642 Thallus
1138 4573 1357 4666 junior
1410 4573 1674 4644 circiter
1717 4571 2022 4656 uncialis,
2076 4572 2502 4642 umbilicatim
2557 4570 2838 4667 rupibus
2870 4567 3150 4640 adnatus
3193 4578 3271 4641 ·et
3322 4566 3619 4665 undique
3650 4593 3763 4639 ex-

503 4713 787 4787 pansus,
865 4687 1130 4759 lohatus
1180 4700 1246 4760 et
1300 4691 1483 4760 vario
1539 4687 1745 4759 modo
1800 4688 2032 4770 fissus3
2116 4687 2287 4759 haec
2341 4686 2555 4758 forma
2608 4703 2746 4771 est,
2822 4686 3035 4757 saltim
3091 4710 3220 4782 pro
3290 4697 3517 4782 parte,
3589 4680 3768 4755 Ulva

501 4803 776 4876 uncialis
862 4829 925 4874 v.
1001 4801 1207 4890 Suhr,
1294 4805 1706 4878 diversarum
1758 4804 1844 4877 de
1899 4818 2129 4877 cetero
2184 4806 2566 4900 specierum
2619 4805 2916 4898 juniores
2970 4801 3219 4874 formas
3273 4802 3771 4899 complectens,

500 4919 952 5018 magnitudine
1028 4926 1289 5020 potius,
1341 4946 1540 5018 quam
1601 4923 1723 4993 alia
1794 4920 2080 5018 quadam
2156 4932 2346 5004 nota,
2427 4918 2753 4992 distincta.
2859 4916 3259 5017 Explicatus
3311 4945 3476 4990 vero
3531 4918 3771 4991 thallus

504 5037 1211 5134 elliptico-oblongus,
1264 5038 1552 5136 simplex
1609 5040 1649 5109 l.
1706 5039 2007 5123 lobatus‚
2060 5039 2356 5134 margine
2409 5034 2769 5109 undulatus
2817 5035 3209 5135 ibidemque
3262 5062 3441 5108 nunc
3492 5038 3773 5132 integer,

503 5180 675 5226 nunc
760 5153 1381 5240 cibato-laceratus,
1461 5155 1723 5253 pedalis
1802 5155 1840 5226 l.
1910 5179 2128 5250 usque
2210 5152 2561 5251 2·pedalis
2615 5165 2684 5225 et
2735 5153 2866 5224 6-8
2919 5153 3204 5249 pollices
3255 5153 3459 5236 latus,
3512 5156 3772 5223 intense

504 5268 761 5357 viridis,
816 5272 964 5344 basi
1014 5273 1079 5343 in
1132 5274 1425 5369 stipitem
1481 5273 1795 5345 linearem
1862 5271 2134 5368 planum
2211 5269 2367 5366 plus
2420 5271 2636 5342 minus
2689 5281 3100 5352 attenuatus,
3152 5267 3407 5341 inferne
3460 5269 3772 5346 crassior,
