4984 6517
1344 585 1454 670 18

1232 800 1565 888 Lentinis,
1629 803 1812 874 solus
1865 799 2133 899 collegit
2199 799 2345 874 Cel.
2402 799 2812 886 OERSTEl),
2879 803 2963 874 ad
3015 806 3163 875 viva
3218 806 3579 902 specimina
3635 803 3959 902 depinxit,
4009 802 4334 897 simulque
4389 802 4451 870 in

1230 924 1465 1020 spiritu
1512 922 1641 993 vini
1695 923 1999 994 servavit.
2101 917 2275 992 Tam
2328 922 2419 993 ob
2473 945 2721 1019 genera
2774 932 2841 992 et
2890 924 3266 1020 subgenera
3323 936 3796 1022 perennatura‚
3839 923 4007 993 inter
4047 919 4194 990 illos
4247 917 4448 990 felici-

1231 1053 1334 1112 ter
1383 1039 1697 1126 stabilita,
1750 1067 1947 1140 quam
2000 1040 2417 1113 characteres
2464 1042 2676 1136 magis
2724 1051 3105 1112 constantes
3157 1038 3559 1139 Agaricinos
3591 1044 3712 1113 rite
3760 1040 4448 1134 determinare,prae-

1232 1159 1532 1232 sentibus
1590 1160 1941 1256 completis
1990 1159 2517 1257 exemplaribuS,
2557 1157 2808 1230 facilius
2861 1173 2997 1243 est,
3053 1185 3250 1256 quam
3301 1158 3771 1260 Polyporeos‚
3818 1158 4016 1252 longe
4053 1158 4265 1251 magis
4306 1182 4448 1225 mu-

1231 1279 1500 1363 tabiles,
1557 1302 1840 1376 quorum
1911 1275 2260 1375 dispositio
2319 1277 2404 1348 ad
2456 1277 2702 1375 pileum
2759 1277 3148 1363 centralem‚
3201 1278 3569 1363 lateralem,
3622 1275 3923 1348 sessilem
3978 1288 4045 1346 et
4109 1276 4450 1371 resupina-

1232 1409 1369 1468 tum
1432 1398 1715 1468 maxime
1764 1394 1956 1467 fallax
2007 1407 2128 1468 est.
2228 1392 2490 1467 Eadem
2546 1397 2717 1468 enim
2764 1397 3030 1494 species
3081 1424 3143 1467 v.
3195 1422 3250 1467 c.
3308 1396 3699 1494 Pol-ypona-
3768 1394 4126 1466 versicolor
4193 1394 4319 1464 sub
4375 1419 4449 1462 o-

1232 1516 1493 1588 mnibus
1569 1514 1671 1586 his
1745 1513 1973 1586 formis
2047 1514 2350 1585 occurrit.
2460 1511 2635 1585 Cum
2687 1513 3008 1611 plurimae
3078 1513 3494 1586 definitiones
3544 1512 3630 1584 ad
3688 1513 4051 1610 specimina
4101 1511 4448 1608 singularia

1232 1631 1673 1707 Musaeorum
1753 1634 2143 1731 propositae
2214 1635 2371 1718 sint,
2435 1631 2626 1703 facile
2675 1631 3081 1729 intelligitur,
3130 1658 3325 1729 quam
3380 1657 3615 1730 parum
3670 1630 3754 1701 ad
3796 1631 4172 1727 specierum
4229 1629 4448 1702 deter-

1232 1754 1653 1825 minationem
1708 1765 1777 1824 et
1829 1752 2209 1852 specificam
2275 1750 2705 1823 differentiam
2760 1749 3245 1845 dijudicandam
3298 1749 3622 1821 sufficiant
3685 1750 3825 1820 sine
3878 1748 4278 1845 amplissima
4332 1775 4445 1819 ex-

1230 1872 1551 1968 perientia
1627 1873 2002 1943 variationis
2067 1871 2293 1968 legum
2368 1871 2537 1941 inter
2607 1869 2976 1966 indigenoS.
3078 1867 3191 1940 Ex
3265 1867 3367 1940 his
3417 1867 3780 1938 rationibus
3834 1893 3917 1938 ex
3969 1893 4206 1963 magna
4262 1879 4447 1964 parte

1230 1989 1527 2086 pendere
1594 1989 1898 2086 fingimus
1969 1990 2360 2060 immensum
2412 2013 2734 2058 novarum
2784 1990 3160 2086 specierum
3214 2012 3558 2058 numerum
3622 1985 3862 2056 ultimis
3918 1984 4138 2056 lustris
4189 2011 4446 2082 propo-

1233 2108 1528 2193 sitarum,
1609 2133 1883 2205 quarum
1950 2106 2311 2178 dimiduum
2361 2106 2572 2178 saltim
2625 2132 2972 2178 numerum
3025 2107 3132 2178 vel
3197 2131 3569 2207 synonyma
3621 2103 3726 2176 vel
3779 2106 3910 2200 jam
3965 2101 4446 2200 descriptarum

1232 2223 1464 2295 sistere
1539 2224 1753 2310 lusuS,
1798 2227 1939 2296 siue
2010 2225 2376 2297 temeritate
2432 2227 2770 2297 enuntiare
2814 2226 3053 2310 ausim,
3113 2225 3414 2323 quamvis
3483 2223 3759 2307 multae,
3814 2247 4089 2319 quarum
4143 2221 4333 2292 locus
4381 2235 4446 2293 et

1232 2339 1504 2413 affinitas
1580 2344 1645 2414 in
1722 2368 1970 2441 genere
2034 2356 2165 2413 tam
2212 2353 2402 2414 vasto
2456 2343 2634 2414 haud
2689 2343 2968 2414 indicata
3023 2355 3205 2428 sunt,
3280 2344 3420 2414 sine
3501 2353 3898 2441 ectyporum
3950 2342 4447 2437 comparatione

1230 2485 1586 2557 numquam
1637 2459 2073 2533 determinare
2130 2461 2341 2533 liceat.
2445 2457 2679 2533 Minus
2726 2463 2923 2558 igitur
2971 2461 3192 2534 studui
3246 2487 3457 2533 novas
3512 2484 3900 2557 proponere
3930 2460 4196 2556 species
4233 2461 4444 2557 (quis-

1232 2603 1363 2675 que
1433 2578 1594 2650 alius
1676 2579 1760 2650 ad
1834 2580 2193 2678 specimina
2250 2581 2627 2678 praesentia
2706 2578 2933 2677 plures
2991 2578 3179 2651 facile
3246 2579 3778 2660 determinasset,
3833 2588 3898 2647 at
3954 2603 4186 2649 omnes
4235 2580 4446 2649 minus

1230 2696 1447 2767 claros
1500 2699 1695 2769 tacite
1769 2697 2201 2794 seponendos
2253 2697 2547 2797 judico),
2601 2725 2798 2797 quam
2851 2697 3224 2771 affinitatem
3281 2698 3774 2796 propositarum
3827 2695 4208 2793 explorare,
4261 2723 4448 2792 nam,

1230 2815 1403 2887 bene
1486 2815 1885 2886 observante
1953 2818 2085 2911 jam
2140 2812 2579 2913 Caesalpino‚
2655 2818 2918 2913 »ignoto
2970 2817 3123 2888 loco
3178 2818 3455 2914 proprio
3529 2817 3742 2886 omnis
3796 2814 4192 2912 descriptio,
4251 2817 4444 2887 etiam

1229 2935 1750 3018 accuratissima,
1797 2931 2021 3005 fallit».
2075 2931 2238 3006 Non
2284 2936 2452 3024 ,satis
2503 2947 2608 3007 est
2662 2936 2961 3033 speciem
3011 2936 3304 3031 ignotam
3353 2934 3479 3006 sub
3513 2933 3778 3005 nomine
3815 2959 3992 3004 novo
4025 2933 4445 3016 describere,

1229 3050 1353 3122 sed
1415 3051 1585 3123 hanc
1638 3047 1882 3122 tamdiu
1934 3055 2000 3124 in
2050 3054 2266 3124 animo
2323 3053 2651 3139 volutare,
2706 3053 2924 3125 donec
2983 3079 3194 3126 nexus
3249 3079 3399 3125 cum
3450 3052 3757 3123 omnibus
3809 3053 3939 3144 jam
3990 3052 4110 3122 rite
4164 3055 4446 3148 cognitis

1225 3168 1422 3266 plene
1474 3168 1709 3243 elucet.
1789 3168 2239 3270 Praecipuum
2291 3171 2590 3243 laborem
2631 3172 2695 3242 in
2743 3171 3059 3269 stirpibus
3109 3171 3513 3246 naturalibus
3562 3168 3843 3267 figendis
3894 3169 4046 3241 hinc
4099 3170 4402 3268 deposui.

1431 3372 1882 3447 Gravissimas
1960 3375 2045 3448 ad
2123 3373 2669 3475 Polyporeorum
2739 3400 3018 3472 gregem
3070 3375 3433 3475 symbolaS,
3509 3387 3582 3446 ut
3646 3375 3998 3471 fungorum
4049 3376 4113 3444 in
4162 3400 4445 3472 genere,

1222 3493 1461 3566 ultimis
1538 3493 1759 3566 lustris
1830 3495 2186 3592 proposuit
2252 3490 2504 3566 Rever.
2581 3490 3055 3577 BERKELEY,
3111 3517 3315 3589 quare
3369 3494 3631 3564 maximi
3676 3495 3990 3564 momenti
4069 3496 4332 3578 censui,
4375 3509 4444 3563 ut

1222 3608 1417 3706 hujus
1446 3612 1712 3709 species
1765 3636 1917 3682 cum
1970 3612 2136 3683 meis
2169 3623 2751 3709 componerentur.
2857 3607 3035 3680 Hinc
3087 3610 3172 3681 ab
3224 3611 3621 3681 amicissimo
3675 3607 3845 3681 Viro
3899 3614 4162 3708 rogavi,
4217 3626 4286 3684 ut
4347 3615 4444 3684 in-

1223 3739 1481 3825 tegram
1534 3751 1720 3800 suam
1797 3752 2126 3798 novorum
2209 3727 2757 3829 Polyporeorum
2829 3726 3290 3798 collectionem
3366 3728 3681 3812 mitteret,
3754 3730 3864 3825 qui
3932 3731 4250 3828 precibus
4345 3759 4446 3801 ra-

1225 3872 1294 3915 ra
1341 3846 1726 3918 liberalitate
1785 3841 2025 3918 adnuit.
2128 3843 2574 3945 Multiplicem
2623 3845 2778 3918 inde
2830 3845 3001 3916 hanc
3065 3844 3476 3943 disciplinam
3517 3843 3822 3917 hausisse
3875 3845 4157 3918 fructum
4213 3875 4442 3947 spera-

1222 3990 1400 4051 mus;
1451 3967 1667 4063 primo
1723 3967 2013 4037 omnium
2066 3967 2151 4037 ab
2196 3977 2484 4064 utroque
2531 3975 2832 4037 nostrum
2887 3965 3383 4063 propositarum
3446 3965 3824 4062 specierum
3899 3963 4262 4040 differentia
4344 3983 4446 4040 est

1223 4084 1661 4181 comprobata
1739 4087 1803 4156 in
1853 4083 2108 4156 suturae
2176 4085 2442 4182 generis
2528 4084 2963 4181 expositionis
3039 4082 3566 4166 fundamentum3
3618 4105 3825 4181 porro
3884 4085 4111 4182 viginti
4187 4089 4448 4159 circiter

1222 4204 1519 4300 specieS,
1569 4228 1734 4302 quas
1786 4229 1912 4301 pro
1964 4201 2385 4300 indescriptis
2436 4201 2671 4286 habui,
2721 4202 2785 4273 in
2838 4202 2964 4273 hac
3018 4203 3413 4274 collectione
3470 4227 3620 4272 cum
3680 4202 4021 4301 voluptate
4075 4208 4443 4302 recognovi

1222 4348 1348 4392 una
1403 4347 1552 4392 cum
1602 4320 1997 4419 quibusdam
2048 4322 2415 4419 priscarum
2469 4320 2893 4420 synonymis;
2939 4320 3343 4419 tandemque
3397 4346 3630 4392 omnes
3680 4323 3826 4417 ejus
3882 4322 4149 4420 species
4204 4325 4266 4395 in
4335 4349 4446 4394 ac-

1220 4441 1507 4512 curatius
1562 4466 1736 4515 nunc
1776 4440 2056 4512 limitatis
2105 4439 2420 4536 stirpibus
2464 4441 2760 4511 inserere
2811 4438 3005 4510 licuit.
