4984 6517
3461 606 3580 694 43

636 853 818 938 vero,
866 838 937 900 ut
991 853 1229 901 omnes
1282 825 1534 914 affines,
1579 827 1737 926 pilei
1766 826 2064 926 margine
2110 827 2371 925 integro
2404 836 2473 899 et
2498 823 2833 924 repand03
2886 838 2957 897 et
3005 823 3093 897 L.
3134 834 3359 898 tenuis
3399 823 3681 901 Leveill.

642 943 819 1020 Anu.
872 944 995 1020 Sc.
1053 943 1214 1018 Nat.
1271 950 1437 1020 ⁴846
1493 948 1664 1020 sistit
1713 949 2103 1020 varietatem
2150 947 2449 1043 margine
2511 945 2776 1055 lobato,
2828 969 3038 1042 saepe
3089 942 3428 1042 prolisero.

452 1144 497 1208 3.
626 1133 703 1207 L.
764 1133 1294 1237 (Sunssnosass)
1353 1135 1738 1210 PAuso‘rr.
1844 1133 1964 1210 Fr.
2023 1133 2065 1209 l.
2126 1159 2185 1208 c.
2236 1134 2382 1209 Pal.
2438 1133 2543 1209 Fl.
2604 1134 2821 1209 Ovar.
2867 1141 2913 1209 t.
2971 1142 3070 1208 25.

740 1275 864 1350 Ad
918 1283 1219 1350 truncos
1265 1275 1339 1349 in
1397 1274 1703 1350 Guinea.
1812 1277 1990 1375 Afz.
2037 1288 2121 1351 ic.
2166 1284 2279 1353 25.

739 1418 1061 1496 Proxima
1115 1421 1201 1493 L.
1255 1423 1700 1522 deplanatae,
1763 1449 1801 1493 a
1857 1449 1989 1522 qua
2045 1423 2292 1496 differt:
2372 1422 2553 1523 pileo
2600 1423 2927 1522 rigidiori,
2991 1423 3329 1521 glabrato,
3405 1428 3471 1499 in
3535 1427 3683 1500 basi

643 1541 906 1613 dilatata
960 1541 1345 1627 subsessili,
1399 1568 1636 1615 versus
1686 1544 2052 1640 marginem
2101 1545 2529 1616 concentrice
2608 1543 2899 1630 sulcato,
2955 1542 3232 1616 lamellis
3284 1543 3682 1621 firmioribus

638 1662 935 1732 siccitate
991 1661 1336 1733 nulii-accis
1386 1660 1560 1749 sere,
1608 1687 1737 1734 nec
1790 1660 2363 1746 suscescentibns‚
2411 1660 2499 1733 ad
2552 1661 2755 1734 latera
2806 1686 2941 1734 non
2993 1663 3298 1749 venosis,
3351 1663 3477 1737 sed
3548 1665 3682 1740 sre-

643 1792 927 1880 quentflr
975 1780 1925 1880 purnso-anastomosantibus
1978 1792 2091 1852 aut
2142 1782 2369 1879 potius
2447 1781 2627 1853 acies
2702 1778 3108 1853 lamellarum
3170 1782 3316 1880 ipsa
3369 1781 3681 1882 frequen-

643 1912 743 1972 ter
785 1900 847 1968 in
903 1924 1111 1996 purus
1147 1900 1429 1972 seriatos
1479 1898 1780 1972 dehiscit.
1886 1896 2102 1972 Color
2144 1926 2279 1971 non
2326 1899 2591 1986 nitidus,
2642 1896 2766 1970 sed
2817 1901 3031 1996 magis
3083 1898 3437 1974 lutescens.
3544 1899 3683 1976 Ce-

638 2032 851 2088 terum
911 2032 983 2088 ut
1035 2020 1261 2090 affines
1317 2019 1526 2090 variat
1580 2042 1885 2091 convexa
1936 2029 2004 2090 et
2052 2017 2413 2116 depressa,
2460 2019 2718 2116 integra
2767 2017 2877 2090 vel
2906 2017 3204 2116 repanda
3261 2030 3388 2092 etc.
3492 2018 3683 2096 Reli-

643 2160 815 2232 quae
867 2140 1011 2208 acie
1067 2148 1261 2208 acuta
1314 2137 1493 2209 clare
1548 2135 1874 2209 diversae.

466 2284 510 2348 l.
638 2276 715 2348 L.
775 2276 1301 2379 (SUBERUSAE)
1357 2300 1743 2353 marauna.
1843 2274 1960 2349 Fr.
2016 2274 2058 2349 l.
2122 2301 2182 2349 c.
2233 2273 2458 2355 Mont.
2519 2275 2700 2351 Cub.
2764 2301 2832 2376 p.
2890 2285 3030 2352 384.
3105 2281 3330 2353 Daed.
3382 2285 3682 2357 candida

643 2392 995 2468 Klotzsch
1047 2396 1119 2468 in
1173 2394 1402 2470 Herb.
1454 2394 1701 2473 Hook.
1758 2421 1813 2470 s.
1869 2398 1969 2470 D.
2023 2397 2420 2499 applanata
2448 2405 2692 2493 major.
2731 2395 2844 2470 Kl.
2875 2395 3177 2471 inLinn.
3210 2398 3398 2485 V111,
3434 2424 3500 2500 p.
3537 2408 3675 2476 481.

647 2516 740 2588 D.
799 2516 1051 2588 indica.
1155 2512 1415 2616 Jungh.
1469 2514 1624 2587 Jav.
1681 2538 1748 2613 p.
1805 2520 1906 2588 74.

747 2660 983 2748 Haec,
1047 2688 1265 2764 quam
1311 2687 1353 2737 e
1404 2662 1586 2737 Java
1630 2659 1908 2749 habeo,
1962 2658 2058 2736 ad
2105 2659 2484 2735 Lenzitem
2523 2658 2975 2760 applanatam
3024 2659 3339 2751 accedit,
3386 2674 3465 2740 ut
3484 2667 3688 2768 prior

647 2780 743 2856 ad
795 2780 871 2852 L.
927 2780 1401 2880 deplanatam.
1502 2779 1977 2882 Dignoscitur
2028 2777 2223 2879 pileo
2277 2777 2436 2854 basi
2498 2778 2895 2854 incrassato
2946 2779 3137 2882 (basi
3186 2788 3221 2883 ξ
3270 2807 3432 2858 unc.
3491 2810 3686 2860 cras-

647 2904 771 3000 su)
823 2900 1079 3000 glabr-u
1135 2897 1413 2986 albid03
1466 2897 1769 2973 lamellis
1821 2897 2162 2973 tenuibus
2183 2957 2199 2985 ,
2258 2896 2680 3000 frequenter
2730 2900 3465 2989 anastomosantibuS,
3525 2929 3685 2980 sae-

645 3044 739 3116 pe
787 3015 1320 3116 labyrinthicis,
1375 3014 1533 3091 acie
1588 3016 1816 3092 acutis
1867 3015 2335 3091 subdentatiS.

470 3212 514 3272 ᾗ.
643 3204 723 3276 Ι..
787 3204 1313 3304 (Suntne-san)
1357 3223 1727 3287 mennon,
1780 3198 1977 3300 pileo
2031 3197 2777 3274 suberoso-coriaceo
2826 3196 3060 3301 rigido
3105 3197 3485 3300 applanato
3535 3201 3687 3304 gla-

651 3320 971 3396 ber-rimu
1019 3320 1248 3394 dense
1309 3316 1772 3393 concentrice
1824 3325 2089 3392 zonato
2144 3316 2411 3417 pallido
2435 3377 2454 3404 ,
2511 3316 2836 3420 margine
2898 3318 3096 3392 tenui
3151 3316 3531 3405 undulato,
3585 3317 3686 3394 la-

651 3440 879 3512 mellis
931 3440 1272 3513 tenuibus
1330 3437 1676 3513 confertis
1728 3435 1956 3511 acutis
2004 3433 2507 3537 inaequalibus
2559 3433 3175 3511 umbrino·susciS.

747 3584 827 3656 In
879 3604 1115 3684 regno
1174 3577 1589 3656 MexicanO.
1647 3580 1949 3655 Scheide.
2054 3579 2292 3654 Etiam
2344 3603 2389 3653 e
2444 3575 2783 3651 carolina
2846 3576 2984 3652 sub
3050 3574 3349 3651 nomine
3404 3580 3502 3651 D.
3556 3574 3695 3655 tn·'

643 3704 883 3772 coloris
935 3700 1123 3772 misit
1185 3699 1447 3776 Curtis.

751 3848 983 3924 Pileus
1039 3850 1442 3939 reniformis,
1495 3849 1783 3935 sessilis,
1837 3849 2167 3946 (umbone
2213 3845 2420 3943 vulgo
2476 3845 2824 3931 obsoleto,
2879 3843 3004 3918 sed
3055 3845 3165 3918 hic
3215 3871 3352 3918 non
3405 3849 3691 3946 praebet

655 3984 871 4040 nutam
927 3969 1349 4044 essentialem
1401 3971 1657 4069 primae
1712 3967 2062 4051 sectionis,
2118 3965 2244 4039 sed
2318 3964 2539 4063 pileus
2615 3964 2985 4037 suberosus
3066 3963 3320 4061 rigidus
3402 3966 3691 4039 anoder-

659 4092 907 4184 meus),
955 4088 1202 4174 tunnis,
1271 4086 1554 4185 rigidus,
1605 4094 1648 4158 Ω
1694 4111 1843 4157 unc.
1895 4086 2158 4157 circiter
2202 4082 2407 4169 latus,
2455 4082 2930 4180 glaberrimus,
2985 4080 3196 4155 dense
3264 4087 3689 4159 concentrice

659 4220 963 4292 animatus,
1015 4222 1079 4280 at,
1135 4207 1334 4280 sulcis
1413 4202 1764 4304 profundis
1821 4229 1956 4275 non
2029 4214 2369 4288 exaratus,
2430 4201 2559 4273 sub
2643 4200 2820 4273 lente
2882 4202 3185 4274 unicolor
3264 4201 3557 4289 albidus,
3621 4215 3692 4276 ut

659 4352 863 4400 zonae
915 4352 955 4396 u
1011 4328 1174 4396 lucis
1229 4336 1478 4397 tantum
1525 4324 1896 4396 vibratione
1952 4323 2244 4394 oriantur
2295 4320 2620 4405 alternae,
2672 4318 2933 4393 albidae
2990 4332 3059 4393 et
3123 4320 3689 4420 ligneo-pallidae.

667 4440 1035 4516 Contentus
1091 4444 1462 4529 floccosus,
1519 4440 1798 4514 albidus.
1902 4438 2246 4513 Lamellae
2304 4450 2573 4524 tenueS,
2625 4439 2925 4524 strictae,
2985 4437 3343 4512 admodum
3425 4440 3691 4513 conser-

667 4572 795 4648 tae,
851 4564 1200 4636 breviores
1252 4560 1669 4659 longioribus
1717 4561 1995 4646 mixtae,
2044 4559 2311 4657 postice
2365 4555 2829 4644 dichotomae,
2881 4557 3029 4630 basi
3073 4560 3261 4632 venis
3316 4584 3692 4645 connexae,

663 4694 727 4752 at
771 4708 1131 4780 numquam
1177 4689 1787 4764 anastomosantes,
1840 4679 1984 4751 acie
2036 4689 2229 4749 acuta
2272 4679 2566 4774 integra,
2614 4677 2956 4750 umbrinae
3009 4676 3049 4749 l.
3097 4677 3556 4776 nigrosuscae,
3608 4678 3692 4749 ad

663 4800 855 4872 latera
911 4800 1314 4900 pallidiores·
2790 4799 2795 4805 ’

755 4944 835 5016 L.
867 4944 1191 5040 furcam
1240 4946 1315 5014 et
1364 4950 1769 5039 interrupta
1821 4935 1913 5011 ab
1942 4934 2079 5011 hac
2109 4934 2684 5011 distinctissimae
2713 4945 2897 5011 sunt.
2932 4982 3027 4996 —
3066 4938 3418 5013 Proxima
3446 4937 3694 5013 forsan

663 5064 747 5132 L.
783 5060 1123 5160 Cramegfi
1171 5057 1384 5134 Berk.
1418 5064 1493 5132 et
1519 5058 1606 5131 L.
1636 5056 1930 5129 discolor
1983 5055 2251 5156 (Daed.
2311 5054 2634 5130 discolor
2667 5057 3038 5131 Klotzsch!
3091 5080 3243 5132 non
3298 5054 3693 5158 Schwein.)

667 5180 799 5252 Cir.
859 5180 991 5280 Ep,
1047 5204 1115 5276 p,
1171 5183 1361 5280 494);
1440 5173 1627 5250 haec
1674 5198 1858 5247 vero
1908 5172 2177 5260 minor,
2249 5170 2446 5248 haud
2520 5173 2746 5249 nitida
2796 5184 2870 5250 et
2920 5176 3348 5279 regulariter
3397 5184 3691 5262 zonam,

667 5300 983 5376 lamellae
1039 5296 1380 5373 distantes
1426 5292 1809 5394 simplices
