4984 6517
3386 523 3590 621 ‘235

730 1372 1176 1446 Gsssmcm.
1292 1367 1356 1439 1.
1462 1366 1856 1464 Hit‘cklinge
1902 1366 2295 1466 paroeciae
2339 1367 2626 1442 Wablbo
2662 1372 2755 1466 (a.
2821 1367 3073 1469 1850).
3178 1371 3506 1447 Dirhemi
3550 1375 3701 1447 292

421 1488 688 1590 integri
737 1495 812 1562 et
883 1485 1027 1557 112
1093 1483 1258 1584 plus
1315 1481 1651 1557 minusve
1702 1480 1907 1556 fracti
1974 1507 2018 1556 e
2080 1489 2276 1558 terra
2326 1481 2446 1558 hic
2521 1482 2734 1559 simul
2792 1483 3079 1560 collecti
3134 1495 3321 1562 sunt.
3428 1487 3697 1591 Magna

425 1628 688 1680 eorum
732 1628 902 1703 pars
956 1626 1000 1675 e
1025 1598 1266 1674 numis
1314 1597 1747 1674 constabant
1795 1598 2245 1674 Khalifarum
2296 1607 2444 1674 tam
2497 1605 2966 1697 umajjadicae
3017 1626 3236 1703 quam
3262 1602 3703 1681 abbasidicae

424 1719 681 1822 gentis,
733 1725 887 1793 tres
939 1719 1269 1791 [dr-isidis
1320 1726 1395 1790 et
1441 1716 1669 1791 ceteri
1729 1717 2091 1790 Talairidis
2145 1715 2505 1817 originem
2545 1716 2977 1804 debuerunt,
3034 1743 3297 1794 omnes
3342 1721 3528 1797 intra
3575 1747 3702 1797 an-

425 1861 569 1911 nos
620 1834 930 1933 Hidjrae
989 1833 1345 1907 80-243
1397 1832 1836 1930 (699-858
1881 1858 1952 1933 p.
2008 1830 2173 1907 Chr.
2235 1837 2407 1932 nat.)
2491 1834 2807 1932 procusi,
2866 1860 3183 1934 quorum
3251 1834 3448 1913 bene
3501 1840 3703 1915 multi

427 1952 776 2027 rarissimi
830 1961 903 2026 et
947 1949 1224 2049 aliquot
1274 1945 1605 2022 nondum
1654 1947 1828 2023 editi
1877 1948 1951 2022 in
1999 1948 2477 2049 sequentibus
2515 1952 3073 2026 commemorati
3125 1961 3312 2028 sunt.
3421 1954 3702 2032 Obser-

427 2080 601 2145 vatu
654 2068 957 2171 dignum
1009 2064 1185 2140 mihi
1236 2065 1544 2150 videtur,
1599 2061 1788 2139 hanc
1834 2065 2274 2164 paroeciam,
2352 2091 2592 2167 prope
2642 2066 2830 2141 fines
2880 2070 3486 2168 septentrionales
3538 2076 3702 2171 ejus

431 2185 780 2287 regioniS,
823 2184 1010 2259 intra
1062 2206 1282 2284 quam
1335 2180 1539 2256 numi
1616 2179 1832 2254 cufici
1875 2180 1949 2255 in
2012 2181 2281 2257 Suecia
2333 2207 2504 2258 sese
2557 2182 2892 2271 offerunt,
2975 2184 3204 2273 sitam,
3287 2190 3442 2286 jam
3490 2200 3704 2266 antea

433 2300 812 2378 dirhemos
864 2301 940 2376 in
991 2299 1237 2375 lucem
1292 2296 1615 2374 edidisse
1669 2296 2012 2373 eximios

735 2483 1159 2560 UPLAumA.
1263 2484 1333 2557 2.
1436 2486 1867 2583 qugdrden
1951 2507 2209 2586 pagus,
2291 2484 2384 2560 ad
2462 2484 2847 2585 praedium
2933 2487 3232 2588 Stensby
3308 2490 3701 2589 pertinens,

423 2601 821 2702 paroeciae
877 2602 1135 2676 Adelsff
1190 2602 1286 2700 (a.
1348 2602 1600 2703 1844).
1704 2602 2006 2676 Die-hem
2076 2601 2534 2689 abbasidicus,
2591 2627 2652 2676 a.
2712 2604 2857 2677 196
2904 2603 2979 2677 in
3031 2603 3231 2680 Urbe
3280 2607 3529 2683 salutis
3576 2634 3703 2685 cu-

425 2742 575 2804 suS‚
639 2717 712 2792 in
765 2743 947 2820 agro
984 2717 1299 2791 effossus
1347 2726 1477 2804 est,
1531 2728 1605 2793 et
1633 2717 1709 2792 in
1763 2717 2204 2792 collectione
2231 2718 2353 2793 D:i
2401 2723 2855 2796 Petterssonii
2887 2719 3234 2796 Holmiae
3258 2723 3704 2803 adservatur.

736 2903 1280 2979 Osrnocorui.
1384 2904 1453 2977 3.
1553 2903 1912 2978 Paroecia
1962 2905 2097 2977 Ed
2136 2902 2480 2979 territorii
2557 2907 2783 3002 TJust.
2890 2906 3178 2983 Decem
3229 2909 3388 2985 fere
3439 2911 3704 2989 abhinc

429 3019 642 3094 annis
691 3021 955 3093 din-hem
1030 3017 1472 3093 abbaxidicus
1545 3043 1590 3093 e
1637 3027 1938 3095 moneta
2006 3044 2307 3121 quoque
2362 3019 2580 3094 Urbis
2653 3020 2902 3096 salutis
2961 3048 3023 3097 a.
3082 3024 3230 3098 323
3305 3027 3700 3126 profectus,

433 3135 776 3211 inventus
845 3144 972 3221 est,
1034 3135 1160 3237 qui
1213 3161 1256 3210 e
1311 3131 1760 3209 bibliotheca
1809 3135 2221 3236 lincopensi
2276 3136 2352 3211 in
2408 3162 2748 3213 museum
2791 3140 3072 3241 regium
3130 3142 3423 3217 transiit.

738 3324 1190 3401 Rumon.
1297 3326 1368 3398 4.
1472 3326 1837 3401 Sktillends
1866 3325 2257 3426 paroeciae
2292 3326 2693 3399 Thorhamn
2742 3326 2945 3426 (circ.
2997 3351 3059 3401 a.
3118 3328 3368 3429 1850).
3423 3326 3706 3404 Numus

434 3442 872 3526 talamascas,
927 3465 989 3514 a.
1047 3440 1197 3513 245
1252 3439 1949 3517 el-Muhammediae
2001 3442 2343 3544 signatus,
2398 3440 2520 3516 hic
2577 3440 2810 3517 lectus
2866 3452 2992 3518 est.

739 3633 1051 3709 Scarus..
1157 3630 1227 3707 5.
1336 3633 1817 3730 Hammarleff
1852 3630 2201 3730 paroecia
2244 3631 2587 3705 territorii
2644 3633 2886 3731 Skytts
2936 3638 3031 3730 (a.
3070 3635 3317 3734 1849).
3424 3636 3552 3711 Ad
3595 3647 3706 3713 tu-

436 3750 717 3825 mulum
769 3750 1139 3851 antiquum
1162 3752 1378 3846 Juxta
1427 3748 1780 3848 templum
1831 3746 1924 3821 D.
1980 3745 2134 3820 Nic.
2188 3745 2574 3821 Bruzelius
2616 3745 2875 3846 philos.
2932 3748 3282 3851 Magister
3330 3757 3706 3829 dit-hemum

432 3864 710 3967 reperit
760 3870 1291 3952 samanidicum,
1353 3864 1479 3968 qui
1530 3890 1574 3940 e
1624 3871 1925 3939 moneta
1974 3860 2436 3942 nisaburensi
2484 3888 2546 3938 a.
2598 3864 2749 3936 295
2799 3864 3192 3964 prodierat.

746 4058 814 4130 6.
920 4057 1492 4131 Hammarlunda
1549 4051 1896 4153 paroecia
1947 4050 2291 4127 territorii
2343 4053 2616 4125 Frosta
2668 4049 2872 4150 (circ.
2925 4075 2988 4126 a.
3054 4053 3304 4153 1849).
3407 4054 3707 4128 Dirhem

432 4177 927 4258 samanidicus,
976 4199 1040 4246 a.
1095 4173 1245 4245 295
1297 4171 1375 4245 in
1420 4166 1853 4245 el-Schasch
1901 4164 2315 4252 fabricatuS,
2375 4190 2615 4266 prope
2667 4166 3019 4267 templum
3078 4167 3395 4242 effossus
3447 4177 3577 4242 est.

757 4324 1216 4427 Onnamna.⁸
1302 4351 1366 4425 7.
1471 4347 1829 4424 Paroecia
1887 4347 2188 4447 Smedby
2265 4349 2466 4448 (circ.
2525 4373 2586 4421 a.
2655 4349 2903 4449 1848).
3011 4348 3310 4422 Dirbem
3386 4361 3706 4421 samam·-

432 4470 652 4551 dicns,
702 4492 766 4540 a.
827 4468 976 4541 338
1026 4464 1413 4541 Bukharae
1465 4489 1706 4551 cusus,
1751 4465 1828 4539 in
1874 4464 2113 4540 lucem
2167 4464 2406 4540 editus
2460 4475 2590 4539 est.

747 4642 1238 4717 Go'rmmnu..
1347 4642 1415 4714 8.
1522 4639 1888 4712 Ηεπιηιονε
1974 4640 2364 4739 paroeciae
2442 4640 2696 4713 Niihrs
2771 4643 2866 4735 (a.
2956 4636 3204 4733 1850).
3312 4634 3469 4709 Una
3541 4660 3711 4709 cum

436 4755 719 4831 armilla
762 4765 1053 4856 patente
1106 4767 1180 4831 et
1228 4754 1499 4831 annulo
1528 4756 1603 4829 in
1650 4752 1921 4852 spiram
1962 4764 2320 4842 contorto,
2373 4764 2691 4857 utroque
2721 4778 2821 4828 cx
2871 4760 3197 4854 argento,
3256 4752 3400 4825 150
3449 4751 3712 4853 integri

437 4884 512 4947 et
576 4874 719 4948 151
779 4870 985 4948 fracti
1034 4875 1327 4949 dit-hemi
1373 4897 1474 4947 ex
1525 4894 1705 4972 agro
1759 4870 2108 4969 protracti
2156 4883 2343 4958 sunt,
2401 4894 2720 4973 quorum
2767 4868 3059 4968 plurimi
3106 4865 3506 4954 abbasidici,
3559 4877 3709 4942 tres

440 4994 877 5089 umayjjadici,
953 4989 1229 5093 reliqui,
1307 4998 1386 5063 ut
1454 4988 1529 5061 in
1605 4977 1823 5059 variis
1899 4982 2120 5084 hujus
2193 4987 2488 5088 generis
2562 4985 2943 5071 thesauris,
3028 4984 3389 5060 tabit-idid
3473 4992 3709 5068 erant;

441 5131 713 5181 omnes
764 5107 972 5182 annis
1028 5105 1335 5204 Hidjrae
1395 5101 1794 5176 126-253
1848 5100 2285 5200 (743-867
2311 5129 2381 5204 p.
2442 5101 2608 5178 Chr.
2665 5108 2844 5203 nat.)
2920 5101 3198 5203 signati.
3304 5098 3510 5173 Multi
3558 5099 3715 5173 ine·

445 5235 609 5299 rant
661 5223 991 5298 nondum
1041 5222 1116 5297 in
1168 5220 1434 5297 Suecia
1485 5218 1639 5293 visi.
