4984 6517
1394 537 1571 625 354

1290 749 1475 823 ferne
1529 749 2134 848 subcartilagineus
2188 759 2259 822 et
2308 747 2810 821 obsoletissime
2863 760 3198 832 costatus,
3242 771 3540 846 superne
3579 750 4166 838 membranaceus,
4193 753 4304 824 vix
4327 767 4527 826 costa-

1288 879 1483 941 tatus.
1582 865 2051 968 Sporocarpia
2117 892 2353 965 sparsa
2407 866 2448 938 Ι.
2499 864 2831 938 interdum
2873 869 3177 965 gemina,
3224 865 3857 966 sessilia,globosa.
3933 866 4531 971 Sporophyllorum

1290 985 1649 1060 fasciculus
1728 1013 1929 1086 quam
2010 988 2073 1058 in
2128 982 2237 1058 Pl.
2292 985 2500 1058 nobili
2559 982 2767 1056 multo
2828 985 3100 1059 brevius
3154 981 3632 1083 pedicellatus,
3685 985 3774 1061 de
3829 1001 4060 1062 cetero
4118 1014 4317 1074 vero,
4368 1002 4435 1061 ut
4477 993 4532 1063 in

1290 1105 1439 1190 illo,
1490 1104 1861 1179 secundum
1915 1103 2441 1203 descriptionem
2499 1097 2746 1174 Subrii.

2065 1272 2263 1347 XXI.
2354 1268 2918 1345 EUTHORA
2976 1271 3047 1343 J.
3107 1272 3244 1367 Ag.
3304 1272 3347 1343 I.
3401 1299 3458 1345 c.
3489 1299 3573 1372 p.
3622 1277 3778 1348 585.

1703 1423 1765 1498 1.
1850 1424 2241 1499 Etrrnona
2292 1442 2835 1496 mansurarum
2887 1420 3173 1494 Arescb.

1597 1554 1857 1632 Thallo
1933 1554 2151 1656 plano
2233 1552 2722 1629 subcoriaceo
2787 1554 3040 1629 lineari
3110 1552 3415 1655 repetite
3489 1551 4061 1657 subregulariter
4135 1554 4535 1633 dichotomo

1299 1677 1535 1756 axillis
1591 1673 2024 1760 rotundatis,
2090 1671 2488 1775 segmentis
2541 1670 2703 1747 basi
2742 1672 3122 1747 attenuatis
3156 1670 3514 1773 apiceque
3542 1672 3977 1760 rotundatis,
4017 1673 4538 1774 prolificationi-

1303 1797 1442 1872 bus
1500 1821 1544 1870 e
1599 1793 1806 1868 disco
1838 1800 1912 1867 et
1943 1790 2271 1892 margine
2319 1787 2656 1869 obovatis
2682 1789 3158 1890 sporocarpia
3187 1797 3405 1863 extus
3427 1789 3977 1866 intumescentia
4003 1791 4535 1869 includentibus,

1601 1929 1725 2005 Ad
1778 1951 1981 2001 oram
2036 1923 2288 2000 Novae
2335 1923 2774 1999 Hollandiae
2827 1922 3376 2000 meridionalem
3432 1923 3503 1998 in
3551 1924 3713 1999 sinu
3770 1927 3950 2001 Port
4000 1926 4278 2028 Phillip.

1607 2064 1844 2137 Planta
1898 2062 2443 2160 2-3-pollicaris,
2498 2064 2832 2134 exsiccata
2890 2062 3103 2133 saltim
3135 2072 3202 2133 et
3227 2060 3598 2134 madefacta
3644 2063 3893 2137 coloris
3927 2065 4542 2139 tumescenti-badii.

1306 2185 1589 2260 Thallus
1636 2184 1907 2256 omnino
1965 2180 2239 2278 planus,
2291 2180 3205 2253 membranaceo-coriaceus
3255 2182 3718 2272 (consistentia
3775 2183 4048 2268 scilicet,
4100 2211 4303 2283 quam
4331 2182 4407 2255 E.
4434 2186 4545 2256 cri·

1306 2319 1509 2390 stata,
1586 2303 1967 2386 crassioris,
2041 2297 2427 2372 normaliter
2477 2296 2939 2384 dichotomus,
2994 2323 3399 2396 quamquam
3449 2297 3781 2370 interdum
3835 2300 4546 2399 dichotomo-pinnatus

1310 2428 1455 2520 jure
1508 2420 1871 2506 dicendus,
1924 2417 2134 2490 axillis
2186 2443 2396 2515 saepe
2442 2442 2683 2515 parum
2731 2414 3128 2488 distantibus
3180 2414 3570 2492 rotundatis,
3642 2413 4015 2517 Segmenta
4043 2421 4190 2493 basi
4224 2434 4547 2493 attenuata.

1308 2539 1846 2614 Prolilicationes
1902 2549 2039 2607 tum
2115 2562 2154 2608 e
2231 2534 2424 2606 disco
2479 2545 2616 2605 tum
2674 2560 2713 2606 e
2767 2535 3065 2632 margine
3121 2533 3870 2622 obovato-attenuatae,
3923 2539 3984 2608 in
4043 2537 4270 2611 medio
4332 2565 4543 2636 sporo·

1308 2661 1610 2758 carpium
1665 2658 1964 2740 unicum,
2005 2677 2157 2725 raro
2212 2652 2371 2737 duo,
2423 2651 2862 2724 includentes.
2968 2649 3432 2750 Sporocarpia
3489 2664 3684 2726 extus
3711 2657 3823 2726 vix
3850 2654 4386 2754 hemisphaerice
4412 2682 4549 2754 pro·

1310 2779 1655 2861 minentia,
1728 2772 2038 2846 nucleum
2118 2767 2517 2842 includentia
2581 2769 2801 2841 multis
2855 2769 3183 2841 nucleolis
3242 2766 3569 2842 distinctis
3624 2776 4111 2872 compositum3
4190 2774 4468 2846 nucleoli
4517 2800 4550 2847 e

1310 2899 1436 2972 filis
1512 2893 1920 2966 dichotomis
1997 2873 2426 2962 brevioribus
2500 2889 2563 2959 in
2641 2886 2898 2960 cellulis
2965 2887 3432 2990 superioribus
3480 2915 3724 2994 sporas
3772 2892 4250 2966 evolventibus
4304 2892 4553 2965 formati.

1311 3016 1585 3117 Sporae
1639 3013 1928 3083 minutae
1982 3007 2474 3081 subobovatae.

1616 3148 2041 3221 Str-notura.-
2135 3138 2361 3214 Strata
2443 3140 2828 3212 cellularum
2899 3139 3056 3211 dno.
3164 3137 3464 3213 Stratum
3519 3143 3845 3216 internum
3917 3146 4175 3219 cellulis
4237 3143 4555 3241 angulato-

1313 3267 1852 3369 subsphaericis,
1904 3288 2145 3336 versus
2205 3258 2654 3359 peripheriam
2711 3261 3108 3340 minoribus3
3179 3259 3496 3331 corticale
3550 3261 3805 3335 cellulis
3854 3265 4175 3337 coloratis
4232 3261 4555 3334 minutissi-

1314 3394 1441 3464 mis
1497 3388 1649 3471 4-5,
1705 3387 1769 3456 in
1824 3383 1931 3455 fila
1982 3383 2051 3453 in
2102 3379 2304 3451 thallo
2362 3377 2700 3451 verticalia
2758 3379 3079 3450 ordinatis
3133 3390 3569 3450 costructum.

1612 3517 1779 3594 Var.
1856 3528 1918 3609 β.
2050 3512 2297 3587 Thallo
2382 3514 2598 3610 magis
2676 3512 3071 3610 regulariter
3160 3511 3587 3598 dichotomo‚
3667 3517 4035 3611 segmentis
4119 3513 4560 3614 superioribus

1317 3636 2076 3740 angustato-elongatis,
2128 3629 2729 3730 prolificationibus
2779 3633 2841 3703 in
2898 3633 3196 3727 margine
3257 3630 3694 3703 filisormibus.

1614 3771 1747 3845 Est
1795 3772 2118 3852 varietas,
2169 3766 2400 3838 habitu
2456 3765 2596 3838 sere
2649 3762 3238 3862 Calliblepharidis
3291 3764 3548 3838 ciliatae
3603 3774 3913 3838 minoris.

2165 3932 2396 4007 XXII.
2477 3929 3453 4008 GYMNOGONGRUS
3507 3935 3735 4007 Mart.

1732 4077 1795 4147 1.
1876 4072 2537 4145 Gmnooomnus
2587 4090 2875 4143 namus
2924 4069 3211 4142 Aresch.
3653 4061 3668 4082 '

1619 4205 1878 4283 Thallo
1913 4203 2133 4305 plano
2191 4202 2535 4276 coriaceo
2589 4200 2894 4301 repetite
2948 4200 3407 4288 dichotomo‚
3462 4201 3859 4305 segmentis
3911 4201 4066 4277 basi
4117 4201 4569 4277 subcuneatis

1322 4328 1648 4430 margine
1723 4320 2194 4425 integerrimo
2272 4318 2991 4418 undulato-crispatis
3066 4318 3564 4394 terminalibus
3616 4317 4113 4393 subcontortis
4188 4320 4482 4421 integris
4529 4319 4567 4393 l.

1322 4444 1815 4546 emarginatis,
1893 4436 2364 4515 nematheciis
2421 4437 2744 4511 maculas
2797 4437 2868 4511 in
2923 4446 3226 4538 utraque
3296 4437 3558 4539 pagina
3625 4435 4032 4511 discolores
4083 4436 4210 4511 vix
4276 4437 4572 4512 elevatas

1322 4560 1830 4645 formantibus,
1887 4555 2446 4659 sphaerosporis
2510 4553 2825 4628 zonatim
2879 4553 3415 4629 secedentibus.

1626 4694 1749 4770 Ad
1803 4717 2006 4768 oram
2061 4687 2613 4800 meridionalem
2669 4686 2922 4763 Novae
2973 4687 3430 4776 Hollandiae,
3483 4689 3555 4763 in
3599 4688 3760 4763 sinu
3815 4691 3991 4764 Port
4032 4688 4340 4789 Philipp.

1628 4829 1921 4903 Unicum
1994 4825 2454 4901 tantummodo
2511 4824 2874 4924 possidens
2924 4823 3120 4919 hujus
3176 4827 3529 4924 singularis
3585 4827 3849 4923 plantae
3902 4829 4288 4925 specimen,
4340 4850 4571 4897 novam

1322 4958 1433 5026 vix
1495 4950 2009 5050 proposuissem
2058 4946 2391 5042 speciem,
2443 4944 2566 5013 nisi
2617 4945 2765 5034 ejus
2811 4942 3223 5015 fructificatio
3276 4956 3406 5015 tam
3460 4956 3644 5018 esset
3695 4946 4080 5043 singularis,
4133 4958 4206 5014 ut
4255 4970 4410 5016 cum
4461 4942 4574 5013 alia

1324 5074 1557 5170 specie
1622 5068 1731 5138 vix
1785 5063 2100 5138 confundi
2154 5063 2390 5160 possit.
2501 5057 2732 5132 Callus
2786 5057 3090 5132 radicalis
3154 5060 3366 5133 deest.
3475 5059 3758 5133 Thallus
3811 5064 4076 5134 circiter
4125 5060 4578 5159 3-pollicaris,

1324 5188 1737 5262 substantiae
1790 5185 1875 5254 ita
1930 5181 2178 5264 firmae,
2229 5192 2299 5249 ut
2358 5179 2593 5250 merito
2668 5179 3018 5250 coriaceus
3084 5180 3404 5250 nominari
3460 5180 3707 5278 possit,
3759 5180 4146 5277 colorisque
4199 5203 4578 5276 purpureo-

1326 5304 1799 5405 nigrescentis,
1878 5310 2059 5370 totus
2138 5296 2494 5368 undulatos
2549 5307 2617 5369 et
2669 5297 2851 5367 vario
2904 5293 3112 5366 modo
3176 5307 3422 5382 tortus,
3497 5295 3621 5368 sed
3677 5321 3838 5368 vere
3893 5295 4347 5370 dichotomns.
4450 5294 4578 5368 Se·
