4984 6517
1370 543 1490 631 98

1466 755 1777 827 immixtis
1825 750 2289 839 subrotundis‚
2334 749 2594 838 obtusi,
2643 751 2838 839 nudi,
2898 749 3107 823 dilute
3158 751 3633 839 cinnamomei,
3707 751 4006 849 juniores
4070 777 4235 825 vero
4288 766 4352 827 et
4395 757 4483 829 in-

1468 886 1574 947 tus
1618 872 2024 973 pallidiores.
2126 868 2296 944 Pori
2340 869 2740 968 marginales
2790 870 3096 969 primitus
3149 896 3367 969 aeque
3418 869 3558 958 lati,
3611 869 4029 958 foveolares,
4074 870 4346 945 hiantes.

1564 988 1764 1064 Haec
1809 992 2078 1091 species
2118 1016 2158 1062 a
2207 1002 2374 1091 typo
2429 986 2793 1061 admodum
2878 988 3139 1063 recedit
3217 989 3401 1089 pileo
3472 991 3653 1063 tenui
3716 1001 4129 1088 zonatoque3
4206 993 4488 1090 proxima

1464 1122 1571 1185 est
1623 1111 1748 1183 Tr.
1775 1118 2090 1210 panonia
2144 1103 2388 1182 Berk.!
2437 1107 2567 1182 sub
2616 1102 2907 1179 Daedal.
2955 1151 3050 1164 —
3104 1106 3205 1181 At
3259 1107 3487 1181 habitu
3512 1105 4047 1195 Daedalearum,
4100 1134 4235 1207 quo
4278 1135 4494 1184 omnes

1469 1227 1829 1303 Trametes
1905 1227 2098 1301 facile
2172 1253 2212 1300 a
2287 1226 2630 1326 prioribus
2702 1227 3067 1324 generibus
3144 1224 3660 1326 dignoscuntur,
3743 1224 3831 1299 ad
3905 1226 4043 1300 hoc
4115 1253 4329 1326 genus
4399 1255 4495 1302 re-

1468 1346 1780 1421 ferantur.

1466 1487 1564 1523 *¹⁸¹*
1624 1488 1970 1565 Contextu
1994 1486 2215 1584 fulvo
2241 1486 2770 1582 ferrugineum.

1571 1626 1663 1701 H.
1693 1629 1733 1702 l.
1762 1627 1882 1702 Tr.
1906 1657 1970 1701 n.
2002 1628 2070 1716 2,
2099 1627 2167 1715 3,
2195 1628 2394 1701 6-9
2420 1628 2696 1729 Epicr.,
2728 1641 2798 1705 et
2820 1629 3050 1730 plures
3079 1640 3512 1703 accesserunt
3536 1655 3756 1703 novae
3780 1657 3844 1702 v.
3892 1657 3951 1703 c.
4009 1630 4362 1703 Trametes
4385 1657 4503 1701 au-

1475 1775 1596 1820 rea
1630 1744 1878 1833 Berk.‚
1934 1744 2019 1818 T.
2074 1744 2481 1843 conglobata
2529 1745 2740 1822 Berk.
2791 1745 2973 1822 Dec.
3004 1777 3066 1821 n.
3100 1746 3216 1824 79.
3268 1744 3383 1819 An
3412 1773 3577 1820 vero
3614 1748 3737 1823 Tr.
3756 1749 4026 1845 gallica
4050 1749 4114 1821 h.
4143 1750 4183 1823 l.
4214 1751 4331 1837 sit,
4378 1776 4500 1822 non

1475 1869 1634 1941 satis
1686 1868 1930 1965 liquet,
1992 1865 2219 1939 forsan
2270 1865 2509 1939 eadem
2562 1877 2668 1941 est
2711 1892 2793 1939 ac
2849 1866 2973 1939 Tr.
3037 1866 3285 1962 Trogii
3327 1862 3539 1939 Berk.
3611 1870 3805 1964 cujus
3879 1880 4237 1942 contextus
4312 1867 4503 1965 vulgo

1476 1985 1701 2074 albus,
1749 1983 1875 2059 sed
1924 1984 2048 2056 alia
2103 1984 2297 2058 simul
2353 1987 2720 2083 specimina
2794 1985 3038 2060 adsunt
3079 1997 3344 2058 vetusta
3394 1997 3711 2059 contextu
3768 1983 4505 2085 cinnamomeo·pallido

1472 2106 1584 2176 vix
1633 2131 1670 2175 a
1737 2101 1858 2176 Tr.
1912 2104 2151 2203 gallica
2218 2102 2502 2177 diversa.
2629 2101 2873 2177 Affinis
2925 2116 3031 2179 est
3117 2105 3197 2177 T.
3240 2121 3520 2205 protea.

1271 2245 1340 2325 9.
1460 2245 1544 2320 Τ.
1590 2244 2075 2321 HYnnomns.
2130 2243 2372 2344 Epicr.
2426 2270 2497 2345 p.
2554 2245 2724 2319 490.

1568 2391 1651 2463 In
1700 2412 1933 2491 regno
1989 2387 2383 2464 Mexicano
2437 2386 2533 2462 ad
2595 2386 3000 2462 »Totaksa«
3052 2385 3422 2475 Liebman,
3474 2383 3678 2460 India
3705 2381 4177 2461 occidentali.
4245 2370 4502 2456 O'rsted.

1583 2535 1666 2608 T.
1701 2532 1985 2634 fibrosa
2043 2534 2082 2608 l.
2138 2561 2196 2608 c.
2250 2548 2356 2610 est
2411 2538 2682 2636 specics
2734 2561 2895 2610 vere
2948 2534 3247 2623 diversa,
3314 2537 3381 2608 in
3458 2533 3780 2609 America
3854 2534 4272 2610 meridionali
4325 2560 4512 2633 prae·

1472 2655 1672 2753 cipue
1725 2654 1945 2727 obvia.
2050 2650 2361 2753 Utraque
2406 2653 2589 2727 haud
2615 2681 2855 2753 parum
2903 2653 2991 2727 ad
3039 2651 3458 2755 Polystictos
3510 2655 3821 2753 revergit.
3928 2651 4312 2727 Contextus
4364 2649 4513 2725 sub-

1454 2769 1850 2871 flbrillosus
1900 2774 1969 2845 in
2018 2799 2236 2872 poros
2287 2771 2657 2845 descendit.

1278 2922 1390 2995 10.
1472 2921 1555 2993 Τ.
1615 2940 2052 2994 mconnrm.
2159 2915 2400 3016 Epicr.
2455 2942 2526 3018 p.
2587 2918 2756 2992 490.

1572 3035 1699 3111 Ad
1750 3044 2048 3111 truncos
2094 3033 2170 3109 in
2222 3033 2531 3109 Guinea.
2591 3037 2830 3135 Afzel.
2883 3046 2965 3110 ic.
3021 3045 3115 3111 16.

1578 3171 1865 3246 Statura
1912 3177 1984 3245 et
2037 3169 2274 3245 forma
2323 3169 2704 3259 mutabiliS,
2755 3167 3037 3273 absque
3086 3167 3340 3257 sulcis,
3395 3167 3648 3244 colore
3699 3170 4026 3274 undique
4082 3173 4288 3249 fulvo
4339 3199 4511 3249 mox

1467 3288 1865 3392 recognita.

1476 3407 1606 3443 *Μ’
1664 3408 2012 3485 Contextu
2068 3405 2295 3482 rubro.

1278 3557 1390 3629 11.
1467 3554 1553 3627 T.
1607 3576 1973 3640 PUMOEA,
2026 3552 2221 3653 pileo
2274 3555 2633 3627 suberoso
2688 3553 3294 3656 convexo-gibbo
3374 3578 3614 3628 azono
3701 3552 4137 3655 inaequabili
4189 3554 4515 3631 miniato·

1472 3668 1735 3758 rubro,
1788 3670 1979 3745 intus
2040 3669 2430 3757 concolori,
2484 3670 2687 3772 poris
2743 3670 3162 3773 majusculis
3217 3696 3350 3747 ore
3406 3670 3846 3773 inaequabili
3921 3672 4191 3748 obtuso
4244 3675 4555 3771 floccu-⁸

1471 3789 1637 3865 loso
1693 3787 2264 3864 obscurioribus

1573 3894 1656 3966 In
1706 3889 1891 3966 Pulo
1943 3889 2225 3993 Pinang
2274 3888 2370 3965 ad
2421 3897 2741 3964 truncos.
2796 3889 3162 3965 Didrichs.
3215 3921 3281 3964 n.
3331 3897 3442 3968 25.

1572 4033 1943 4135 Magnifica
2017 4038 2318 4136 species,
2397 4046 2658 4109 textura
2733 4045 2803 4107 et
2850 4008 3097 4124 forma,
3180 4040 3375 4111 etiam
3428 4066 3790 4138 pororum,
3850 4040 3972 4113 Tr.
4027 4042 4515 4113 suaveolentem

1472 4155 1810 4242 referens,·
1890 4154 2016 4228 sed
2096 4155 2328 4229 colore
2405 4165 2695 4226 saturate
2767 4156 3141 4229 ruberrimo
3219 4155 3731 4231 distinctissima.
3830 4156 4066 4233 Pileus
4112 4159 4519 4247 suberosus,

1473 4272 2104 4348 dimidiato-sessilis
2164 4285 2234 4348 et
2282 4271 2844 4371 longitudinaliter
2915 4273 3225 4363 adnatus,
3292 4302 3586 4375 superne
3659 4276 4326 4365 convexo-declivis,
4395 4305 4519 4377 po-

1474 4394 1640 4466 stice
1689 4392 2054 4490 gibbosus,
2136 4417 2421 4478 nonus,
2492 4390 3207 4491 floccoso-glabratus,
3279 4397 3531 4494 passim
3591 4394 3965 4469 nodulosus
4012 4395 4053 4468 l.
4111 4423 4521 4496 scruposus‚

1474 4536 1767 4608 opacus,
1821 4511 2061 4584 subtus
2138 4509 2378 4609 planus
2455 4508 2612 4583 hinc
2686 4513 3037 4611 triqueter,
3117 4512 3317 4586 2—3
3368 4541 3522 4588 unc.
3584 4517 4013 4590 transversim
4088 4514 4294 4602 latus,
4375 4516 4519 4589 basi

1471 4629 1643 4701 ultra
1686 4631 1949 4701 unciam
2002 4654 2292 4702 crassus.
2400 4625 2778 4702 Contextus
2827 4628 3203 4717 floccosus,
3263 4624 3619 4721 coricolor,
3694 4661 3831 4707 non
3909 4634 4330 4733 liguescens,
4399 4635 4522 4708 sed

1471 4747 2105 4846 molli-compactus.
2206 4743 2375 4819 Pori
2426 4749 2684 4846 magni,
2734 4747 3153 4848 inaequales,
3203 4753 3469 4849 postice
3527 4753 3725 4826 3-4
3780 4751 3886 4824 lin.
3945 4751 4296 4851 profundi,
4367 4781 4519 4828 ver·

1471 4892 1589 4939 sus
1643 4866 2008 4963 marginem
2060 4866 2308 4939 sensim
2368 4865 2738 4940 breviores.

1277 5006 1389 5079 12.
1476 5004 1559 5078 T.
1618 5027 2214 5083 mumma.
2309 5007 2549 5108 Epicr.
2598 5033 2665 5108 p.
2724 5007 2892 5085 473.

1564 5121 1692 5199 Ad
1739 5123 1887 5198 San
1936 5122 2125 5198 Joce
2176 5123 2252 5199 in
2308 5126 2530 5200 Costa
2578 5125 2776 5201 Rica.

1569 5265 1644 5341 A
1688 5270 1898 5368 priori
1941 5295 2102 5343 mox
2144 5269 2391 5361 differt,
2440 5273 2696 5348 facilius
2755 5271 3179 5347 confunditur
3242 5300 3397 5347 cum
3473 5274 3623 5348 Pol.
3678 5285 4009 5362 coccineo,
4091 5277 4286 5373 cujus
4354 5301 4518 5349 vero
