4984 6517
3493 571 3665 658 283

489 778 738 884 quoad
791 793 1077 857 montes
1127 782 1608 882 crystallinos,
1665 785 1791 886 qui
1837 785 2035 885 apud
2087 809 2227 859 nos
2276 793 2420 859 tam
2472 782 2702 883 aperti
2752 791 2921 858 sunt
2972 791 3046 859 et
3081 782 3326 859 faciles
3353 783 3449 858 ad
3477 783 3756 860 exami-

489 900 828 975 nandum.
936 902 1335 1001 Postquam
1412 898 1558 975 hoc
1633 912 1744 977 est
1795 902 2234 1002 perfectum,
2307 911 2595 1000 tempus
2646 900 3053 997 putavimus
3120 927 3286 977 esse
3338 902 3744 1002 periculum

491 1025 826 1093 nostrum
881 1017 1184 1118 publico
1239 1017 1563 1093 examini
1611 1019 2004 1118 subjicere.

798 1151 967 1226 Hoc
1018 1163 1306 1250 tempus
1354 1151 1646 1226 videtur
1700 1162 1953 1228 nostro
2013 1152 2365 1227 conamini
2417 1174 2515 1224 eo
2573 1174 2737 1224 esse
2782 1158 3046 1250 aptum,
3079 1152 3282 1253 quod
3318 1152 3645 1227 doctrina
3675 1151 3770 1226 de

497 1262 848 1343 chemicis
905 1275 1105 1342 certa
1160 1278 1236 1343 et
1292 1268 1585 1342 definita
1637 1272 2118 1372 proportione
2173 1266 2814 1366 conjunctionibus
2876 1293 3270 1367 corporum
3331 1269 3765 1369 simplicium

483 1384 824 1482 praebuit
875 1385 1063 1460 viam
1093 1400 1305 1460 antea
1355 1386 1677 1488 ignotam
1737 1414 1879 1465 non
1934 1390 2171 1464 solum
2222 1385 2317 1460 ad
2365 1383 2726 1483 judicium
2778 1383 2873 1459 de
2923 1384 3293 1461 identitate
3346 1402 3419 1461 et
3468 1387 3770 1462 diversi-

489 1508 634 1576 tate
715 1501 1191 1589 Minerarum,
1273 1503 1477 1603 quod
1567 1529 1751 1579 saxa
1816 1506 2223 1607 composita
2274 1501 2516 1604 qualia
2586 1501 2729 1575 sint
2775 1502 3165 1588 constituit,
3221 1502 3357 1576 sed
3405 1508 3618 1577 etiam
3673 1502 3770 1578 ad

487 1620 990 1706 statuendum,
1062 1635 1417 1720 quatenus
1507 1621 1719 1698 liceat
1782 1623 2108 1698 invenire
2197 1645 2379 1697 saxa
2448 1617 2799 1718 simplicia
2885 1628 3027 1694 tam
3081 1644 3294 1719 pura,
3382 1632 3460 1695 ut
3527 1623 3768 1717 justae

485 1735 771 1835 analysi
840 1736 1122 1837 possint
1187 1761 1356 1812 esse
1434 1753 1619 1838 apta.
1726 1742 1996 1816 Postea
2046 1736 2374 1815 nonnulli
2461 1735 2786 1810 Chemici
2841 1736 2914 1809 id
2969 1748 3310 1839 egerunt,
3379 1748 3456 1811 ut
3507 1737 3580 1810 in
3634 1736 3769 1811 hac

494 1875 574 1926 re
632 1863 1076 1928 conarentur
1119 1862 1444 1928 naturam
1498 1854 1952 1958 investigare,
2005 1883 2241 1958 quoru
2298 1878 2600 1956 operam
2637 1854 2712 1928 in
2741 1854 3183 1953 Repertorio
3217 1854 3340 1929 illo
3365 1853 3771 1930 Rammels·

482 1966 723 2071 bergii
783 1970 1274 2071 reperiuntur,
1342 1971 1567 2072 idque
1625 1972 2130 2072 profecerunt,
2188 1982 2265 2048 ut
2327 1971 2698 2074 possimus
2747 1971 3034 2071 species
3091 1974 3347 2047 multas
3403 1971 3765 2059 diversas,

484 2109 670 2186 quae
725 2095 893 2162 ante
937 2113 1074 2189 pro
1131 2088 1385 2163 iisdem
1440 2088 1722 2164 habitae
1763 2101 1947 2177 sunt,
2003 2092 2466 2192 distinguere.

784 2219 1020 2296 Micae
1068 2246 1264 2296 nunc
1317 2222 1824 2324 distinguimus
1876 2223 2007 2300 has
2058 2225 2378 2327 species:
2432 2225 2704 2296 Micam
2754 2233 3220 2316 magnes—icam
3240 2280 3258 2308 ,
3305 2226 3572 2296 Micam
3608 2225 3702 2293 K
3686 2250 3768 2294 a·

486 2337 693 2410 licam
765 2346 840 2413 et
924 2341 1193 2413 Micam
1244 2342 1717 2416 Lithionicam
1783 2350 1858 2417 et
1902 2340 2160 2417 harum
2211 2339 2596 2416 varietates
2650 2337 2826 2412 alias
2874 2338 3102 2426 Ferri,
3154 2338 3295 2413 alia
3345 2336 3766 2440 Magnesiae

488 2452 762 2528 divites,

784 2571 845 2645 F
849 2570 1303 2673 eldspathum
1366 2575 1739 2676 antiquum
1798 2576 2107 2652 divisum
2163 2583 2280 2650 est
2329 2575 2404 2649 in
2463 2574 2866 2660 Orchoclas,
2945 2571 3225 2647 Albiten
3247 2632 3264 2659 ,
3330 2572 3611 2647 Albam
3662 2584 3763 2645 vi-

492 2706 718 2764 treum
733 2748 753 2777 ,
828 2692 1210 2787 Oligoclas,
1303 2694 1652 2790 Oligoclas
1706 2706 2004 2769 vitreum
2023 2752 2040 2781 ,
2122 2695 2556 2767 Andes-inum
2606 2711 2681 2764 et
2730 2689 3126 2765 Labrador.
3233 2692 3417 2765 Tum
3470 2689 3758 2789 species

483 2803 895 2906 Feldspathi
953 2808 1361 2912 (Felzites)
1420 2834 1465 2884 a
1528 2809 1910 2912 Svanberg
1968 2809 2273 2911 aliisque
2339 2808 2793 2882 examinatae
2856 2806 3072 2880 dividi
3122 2816 3428 2905 possunt
3471 2809 3546 2882 in
3595 2831 3759 2894 eas,

485 2946 667 3024 quas
703 2946 847 2998 nos
894 2923 1460 3013 nominavimus,
1518 2928 1902 3024 Bg’felziten
1958 2925 2493 3025 conjunctionis
2530 2922 3093 3024 mineralogicae

689 3166 793 3213 ε..-
846 3043 1021 3332 gg}
1084 3147 1170 3220 Si
1198 3150 1228 3190 ²
1255 3153 1386 3238 45
1436 3146 1545 3219 Al
1587 3148 1673 3221 Si
1704 3153 1754 3235 ²,
1822 3147 2385 3243 Quadnfelziten
2429 3173 2532 3219 ·.·-.-
2580 3084 2704 3274 ῗνῖ

2717 3101 2749 3297 }
2819 3145 3121 3236 Si⁴†5
3171 3141 3456 3217 AlSi⁴

846 3247 970 3321 Na

1193 3410 1268 3478 et
1322 3405 1863 3504 Hyperselziten
1910 3429 2014 3475 =
2039 3352 2205 3544 ᾗῇ
2275 3400 2360 3475 sa·
2388 3404 2502 3489 *ψ
2556 3425 2612 3470 z
2681 3399 2788 3470 Al
2829 3399 2914 3472 si
2942 3403 2992 3485 ⁶,

495 3602 721 3682 quum
767 3605 826 3650 ,τ
853 3572 1206 3675 significat
1222 3570 1577 3646 rationem
1618 3566 2029 3646 variabilem
2058 3568 2247 3642 inter
2277 3566 2499 3641 bases
2525 3566 2739 3642 unius
2767 3566 2988 3641 atomi
3024 3574 3093 3642 et
3117 3568 3331 3643 trium
3361 3572 3767 3641 atomorum

488 3693 870 3796 oxygenii.
973 3690 1223 3765 Prima
1278 3696 1391 3763 est
1464 3711 1704 3761 massa
1771 3684 2314 3760 fundamentalis
2364 3683 2812 3760 Petrosilicis
2858 3684 3121 3772 nostri,
3194 3684 3417 3759 altera
3468 3681 3764 3756 Euritae

488 3809 972 3916 porphyritici
1022 3816 1094 3882 et
1148 3802 1553 3908 Trachytae
1600 3802 1841 3890 vitrei,
1889 3803 2096 3877 tertia
2145 3799 2631 3902 Porphyritae
2670 3801 2832 3875 saxi
2885 3802 3156 3877 cornei.

806 3929 1062 4028 Opera
1113 3922 1564 3998 professoris
1612 3920 1697 3995 L.
1752 3920 2136 4022 Svanberg
2181 3920 2507 4021 speciem
2548 3923 2868 3993 minerae
2895 3919 3265 4005 novimuS‚
3294 3942 3484 4019 quae
3506 3913 3774 3990 habeat

504 4048 964 4125 characteres
1018 4041 1424 4144 specierum
1475 4038 2004 4125 nonnullarum,
2060 4062 2249 4138 quae
2290 4034 2596 4110 antehac
2634 4046 2935 4111 vocatae
2971 4045 3141 4110 sunt
3180 4035 3478 4109 nomine
3510 4031 3771 4106 Schisti

487 4169 814 4250 micacei,
886 4185 1152 4260 nempe
1218 4156 1480 4233 Schisti
1530 4155 1832 4230 micacei
1901 4154 2297 4256 magnesici
2346 4151 2804 4253 aliorumque
2851 4178 3240 4241 saxorum,
3344 4176 3532 4253 quae
3587 4173 3767 4224 suae

499 4281 844 4386 propriae
895 4274 1347 4353 formationis
1372 4283 1542 4349 sunt
1589 4296 1928 4373 quaeque
1981 4296 2119 4346 nos
2159 4270 2585 4345 vocavimus
2633 4270 3251 4371 Hydrobifelziten,
3305 4270 3472 4371 quia
3509 4291 3772 4369 aquam

498 4399 836 4476 chemico
912 4395 1136 4469 modo
1208 4395 1671 4489 conjunctam
1750 4389 2087 4464 continet.
2191 4389 2402 4463 Haec
2479 4388 2803 4462 minerae
2874 4388 3192 4487 species,
3267 4409 3457 4487 quae
3530 4393 3774 4485 partes

509 4539 814 4618 magnas
864 4511 1219 4586 montium
1270 4507 1855 4609 crystallinorum
1920 4505 2121 4580 orbis
2168 4505 2561 4592 constituit,
2615 4530 2835 4608 aqua,
2892 4530 3110 4606 quam
3162 4503 3513 4588 continet,
3571 4501 3770 4589 facit,

504 4642 583 4708 ut
669 4628 1320 4707 ultravulcanistica
1394 4624 1907 4725 Geologorum
1972 4621 2404 4724 hypothesis
2482 4623 2703 4701 dubia
2779 4623 3126 4699 videatur.
3255 4620 3624 4696 Dividitur
3695 4619 3772 4693 in

510 4749 995 4852 Pilbolithum,
1046 4769 1264 4848 quem
1316 4742 1771 4827 vocavimus,

1125 4862 1518 4966 ::.-·.[(Mg
1585 4858 1883 4961 -l-Aq)
1935 4857 3068 4959 Si³,÷NaSi²]÷xAlSi²,
3780 4915 3784 4920 .

512 4986 636 5089 qui
683 4995 765 5059 ut
824 4982 1106 5058 minera
1156 4979 1550 5082 praecipua
1600 4975 1918 5051 occurrit
1980 4975 2051 5050 in
2106 4975 2322 5049 certis
2371 4973 2716 5049 Granitae
2768 4982 2841 5048 et
2893 4973 3188 5048 Gneissi
3240 4981 3309 5048 et
3364 4972 3774 5074 Protogyni
3933 5009 3944 5020 ’

494 5106 801 5208 aliisque
854 5099 1209 5178 similibus
1263 5094 1531 5171 Schisti
1581 5093 2000 5193 speciebuS,
2056 5117 2239 5193 quas
2288 5091 2474 5166 infra
2526 5090 3063 5178 describemus,
3118 5093 3556 5193 Leptinicen,
3603 5095 3758 5190 jam

501 5231 713 5301 antea
771 5218 1271 5297 examinatum
1322 5222 1394 5288 et
1438 5221 1725 5299 notum,

1168 5346 1269 5392 -..-.
1325 5316 1557 5421 [(Με
1593 5324 1673 5407 ÷
1703 5312 1895 5415 Αφ)
1941 5312 2028 5387 s,-
2075 5317 2187 5404 ³÷
2234 5311 2342 5389 ca
2377 5311 2441 5384 S
2478 5311 2549 5412 ²]
2591 5320 2672 5402 ÷
2712 5336 2769 5381 τ
2805 5310 3074 5384 AlSi²
