4984 6517
1367 556 1550 645 290

1470 766 1767 847 Ocurrit
1816 766 1890 841 in
1944 764 2382 843 formatione
2434 768 2931 871 antiquissima
2979 771 3328 874 granitioa
3368 771 3917 875 Septentrionis.
4020 777 4367 878 Syenites
4393 779 4525 855 zir-

1269 888 1573 966 conicus
1620 883 2046 984 praesertim
2095 888 2169 958 in
2224 883 2411 959 valle
2478 885 2975 964 christianiae.

1477 1037 1547 1110 2.
1596 1036 1891 1109 Eur-iter
1945 1046 2339 1132 syeniticus.
2475 1036 2774 1137 (Syenit
2844 1035 3241 1138 Porphyr).
3364 1039 3685 1116 Mixtura
3760 1043 4533 1143 granoso-crystallina

1268 1151 1857 1347 {merht‘liiglase
1936 1159 2011 1226 et
2057 1151 2478 1240 Andesino,
2535 1179 2702 1229 cum
2744 1153 2990 1258 granis
3017 1153 3291 1247 Quarzi
3319 1165 3396 1232 et
3418 1156 3874 1259 Amphiboli,
3926 1158 4286 1238 interdum
4318 1160 4528 1235 etiam

1572 1429 1634 1479 a.
1669 1402 2225 1505 porphyraceus.
2330 1402 2767 1504 Variegatus
2819 1404 3120 1481 maculis
3165 1405 3543 1506 utriusque
3597 1404 4014 1510 Feldspathi
4063 1409 4357 1510 speciei.

1581 1538 1653 1612 b.
1709 1565 2107 1611 arenae-eus.
2218 1535 2559 1636 Crystalli
2636 1535 3155 1639 feldspathicae
3222 1548 3392 1617 sunt
3458 1550 3836 1642 separatae
3917 1544 4215 1635 Quarzo
4299 1542 4533 1617 incre-

1276 1669 1547 1738 scente.
1655 1654 2043 1729 Evanescit
2093 1652 2318 1729 facies
2370 1652 2904 1754 porphyracea.

1400 1787 2086 1986 HAnfiffiiSSimum
2141 1786 2553 1862 membrum
2615 1789 3063 1866 formationis
3130 1789 3495 1867 euriticae.
3602 1791 3681 1866 In
3746 1790 4012 1868 Suecia
4075 1793 4151 1868 in
4202 1790 4533 1867 Elsdalen

1282 1923 1355 1988 et
1479 1912 1634 2007 erjc
1759 1929 1873 1979 en.

1584 2078 1769 2150 Gen.
1822 2073 1891 2146 5.
1955 2072 2142 2148 Cala·
2167 2085 2564 2175 primitiva.

1493 2233 1554 2303 1.
1606 2229 1882 2301 Saxum
1928 2224 2311 2296 calcarium
2349 2236 2816 2324 primitivum.
2926 2224 3300 2299 Carbonas
3387 2224 3735 2300 calcicum
3815 2248 4209 2326 granosum
4282 2226 4399 2300 vel
4464 2226 4531 2299 in

1285 2345 1678 2425 lamellosis
1735 2338 2123 2440 crystallis,
2177 2337 2541 2414 interdum
2599 2365 2768 2416 cum
2820 2341 3072 2417 alienis
3126 2341 3440 2417 mineris.

1590 2504 1653 2553 a.
1707 2477 2035 2548 Marmor
2085 2476 2323 2547 viride.
2435 2472 2663 2548 Color
2726 2498 2827 2549 ex
2882 2475 3170 2576 ophite.

1589 2610 1660 2686 b.
1724 2608 2081 2710 Cipollino.
2197 2605 2509 2681 Mixtum
2592 2632 2760 2682 cum
2842 2607 3275 2698 Pilbolitho,
3371 2609 3700 2686 colorem
3776 2608 4082 2687 viridem
4156 2607 4538 2684 efficiente.

1284 2732 1638 2835 (Pertinet
1691 2725 1787 2801 ad
1839 2724 2345 2799 formationem
2401 2725 2968 2825 pilbolithicam).

1587 2888 1647 2937 c.
1700 2862 1959 2934 Salina.
2065 2859 2401 2958 Crystalli
2448 2859 2684 2948 solae,
2738 2885 2928 2962 quae
2979 2859 3260 2936 sortiter
3303 2857 3719 2936 cohaerent.
3825 2862 4173 2951 (Pertinet
4241 2858 4336 2933 ad
4392 2857 4535 2931 for·

1291 2984 1681 3062 mationem
1736 2973 2307 3078 pilbolithicam).

1594 3115 1662 3190 d.
1718 3140 2149 3186 arenae-eum.
2255 3112 2505 3183 Grana
2572 3110 3017 3211 crystallina,
3100 3133 3289 3210 quae
3338 3134 3597 3209 parum
3642 3108 4042 3186 cohaerent
4090 3120 4165 3186 et
4218 3109 4431 3186 facile
4479 3109 4549 3183 in

1287 3261 1584 3316 arenam
1634 3229 2066 3306 dilabuntur.
2173 3227 2526 3326 (Pertinet
2577 3227 2672 3302 ad
2722 3238 2943 3304 strata
2993 3226 3476 3328 intermedia).

1491 3365 1709 3444 Haud
1780 3388 1948 3438 raro
2031 3387 2164 3461 per
2240 3387 2324 3436 se
2404 3362 2724 3436 occurrit
2801 3362 2986 3438 intra
3064 3360 3404 3435 Sueciam
3472 3360 3545 3435 in
3616 3357 4059 3448 Dalecarlia,
4135 3362 4553 3436 Westman-

1290 3491 1439 3574 nia,
1517 3481 1806 3560 Nericia
1881 3488 2016 3554 etc.
2133 3480 2253 3553 De
2333 3489 2585 3554 cetero
2667 3479 2738 3554 in
2821 3480 3121 3578 Europa
3198 3478 3465 3579 tegitur
3539 3477 3913 3553 montibus
3993 3477 4548 3553 recentioribus

1490 3637 1558 3711 2.
1615 3637 2009 3709 Dolomites.
2115 3629 2493 3703 Carbonas
2549 3628 2897 3706 calcicum
2953 3640 3027 3705 et
3067 3627 3599 3732 magnesicum,
3646 3653 3961 3728 quorum
4026 3628 4346 3728 crystalli
4388 3651 4557 3702 coa-

1298 3756 1607 3830 luerunt.

1597 3909 1658 3959 a.
1713 3883 2090 3956 Dolomites
2137 3889 2563 3979 primitivus.
2678 3879 3117 3978 Coujunctio
3173 3876 3606 3979 crystallina.

1597 4018 1668 4094 b.
1733 4018 2106 4090 Dolomites
2166 4015 2659 4107 stratiformis.
2765 4013 3187 4089 Sedimenta
3262 4012 3673 4112 crystallina
3751 4034 3921 4086 cum
4001 4013 4206 4111 poris
4254 4022 4329 4087 et
4379 4011 4557 4085 locis

1291 4138 1561 4214 vacuis.
1661 4133 1909 4234 Vulgo
1967 4128 2232 4203 desunt
2284 4127 2753 4206 Petraesacta.

1504 4273 1876 4345 Dolomites
1910 4274 2325 4367 primitivus
2375 4263 2695 4337 occurrit
2743 4264 3169 4363 praesertim
3225 4262 3298 4337 in
3371 4261 3705 4362 Alpibus.
3810 4264 4003 4339 Intra
4050 4263 4396 4339 Sueciam
4459 4263 4558 4336 in-

1291 4403 1404 4468 ter
1477 4389 1680 4464 lacus
1733 4384 2040 4459 VVikern
2113 4389 2188 4455 et
2244 4379 2600 4454 Rossvaln
2667 4380 2738 4455 in
2795 4380 3252 4480 praefectura
3306 4379 3868 4484 Orebrogiensi‚
3966 4380 4039 4455 iu
4115 4379 4558 4478 Herjedalen

1294 4508 1386 4582 ad
1440 4501 1889 4580 Tunnelsdal
1948 4499 2020 4574 in
2079 4499 2376 4590 Quarzo
2430 4495 2898 4597 pilbolithico.

1501 4642 1875 4713 Dolomites
1933 4635 2404 4728 stratg'fhrmis
2458 4631 2778 4705 occurrit
2828 4631 2898 4705 in
2954 4629 3323 4706 montibus
3368 4628 3888 4704 Palaeozoicis.

1598 4808 1784 4880 Gen.
1840 4804 1908 4877 6.
1973 4801 2161 4878 Cala·
2203 4805 2697 4899 scrutafor-mis.

1501 4964 1561 5029 1.
1613 4956 1890 5028 Samum
1941 4955 2324 5026 calcarium
2376 4949 2879 5028 bituminosnm.
2985 4950 3364 5025 Carbonas
3437 4946 3789 5023 calcicum
3838 4945 3911 5020 in
3955 4943 4413 5031 sedimentis,
4464 4945 4551 5019 in·

1298 5075 1586 5151 terdum
1641 5070 1717 5143 in
1771 5067 2130 5167 crystallis
2178 5091 2346 5140 cum
2391 5065 2765 5145 bitumine.

1593 5229 1654 5277 a.
1714 5204 1990 5277 Samum
2021 5203 2385 5300 foetidum
2438 5203 2740 5275 densum.
2848 5195 3193 5272 Fractura
3221 5198 3460 5273 solida
3506 5197 3625 5273 vel
3657 5195 4027 5272 festucosa
4056 5194 4174 5270 vel
4204 5193 4562 5269 conchae-

1290 5326 1545 5401 formis
1613 5315 1730 5394 vel
1783 5328 2042 5394 terrea.
2151 5316 2488 5391 Continet
2534 5315 2757 5390 multa
2809 5311 3276 5391 Petraefacta.
