4984 6517
3367 534 3530 623 119

1045 892 1830 971 DISCOMYCETES.
1940 892 2082 969 Gfr.
2146 893 2420 969 Summ.
2469 893 2658 997 Veg.
2719 889 2981 968 Scand.

599 1103 613 1110 ’
695 1067 933 1146 Missis
980 1074 1382 1173 quibusdam
1434 1076 1907 1175 vulgatissimis
1954 1076 2355 1175 speciebus,
2395 1086 2471 1146 ut
2492 1075 2759 1146 Peziza
2806 1070 3174 1146 scutellam
3228 1095 3267 1143 e
3321 1063 3635 1150 Mexico,

590 1189 855 1263 Helotio
906 1192 1403 1287 virgultorum,
1466 1192 1974 1268 Tubercularia
2018 1194 2303 1290 vulgari
2355 1220 2441 1266 ex
2492 1191 2682 1265 India
2730 1191 2986 1280 occid.,
3037 1216 3207 1289 quas
3260 1186 3634 1285 singulatim

584 1335 720 1382 non
774 1312 1008 1397 citem,
1058 1338 1319 1411 paucae
1369 1315 1435 1386 in
1487 1313 1592 1387 his
1646 1313 2159 1388 collectionibus
2212 1325 2493 1386 exstant.

406 1454 461 1524 1.
589 1446 1075 1527 MoncmLA
1128 1474 1609 1529 semmua,
1717 1453 1902 1529 Dec.
1966 1498 2061 1512 —
2117 1452 2189 1527 S.
2241 1450 2338 1526 M.
2394 1451 2480 1526 11.
2534 1477 2603 1552 p.
2667 1453 2779 1524 10.

681 1594 770 1668 In
819 1593 1144 1671 Mexico.

692 1735 762 1810 E
817 1738 1203 1814 charactere
1251 1740 1452 1838 hujus
1504 1741 1637 1815 loci
1691 1745 1775 1817 sit
1826 1742 1936 1816 vel
1986 1745 2213 1842 potius
2268 1741 2375 1814 M
2420 1743 2692 1814 distans
2745 1733 2824 1810 S.
2875 1734 3058 1836 Veg.
3113 1729 3269 1823 Sc„
3326 1755 3499 1832 quae
3551 1730 3639 1802 si-

586 1856 859 1930 millima
912 1886 1048 1932 non
1081 1858 1316 1958 differt
1373 1862 1498 1933 nisi
1549 1862 1730 1960 pileo
1784 1859 1871 1932 ad
1921 1862 2112 1934 basin
2167 1860 2444 1947 adnato,
2494 1871 2562 1930 at
2610 1858 2909 1955 margine
2957 1882 2995 1926 a
3049 1854 3273 1952 stipite
3334 1849 3635 1923 distante.

585 1972 856 2050 Omnes
916 1974 1340 2052 Morchellae
1396 1979 1625 2053 formis
1676 1979 1913 2053 mediis
1967 1980 2133 2053 mire
2182 1981 2580 2077 junguntur,
2631 2002 2759 2050 nec
2810 1974 2923 2047 ulli
2952 1974 3159 2047 stricti
3188 1971 3425 2043 limites
3471 1969 3643 2039 inter

580 2098 857 2194 species
913 2097 1095 2196 pileo
1153 2107 1299 2169 toto
1346 2096 1385 2169 l.
1439 2096 1523 2170 ad
1572 2096 1862 2171 medium
1914 2097 2126 2170 libero
2186 2108 2252 2170 et
2303 2097 2568 2176 adnato.
2625 2137 2719 2151 -
2781 2094 2887 2166 M.
2945 2089 3381 2164 caroliniana
3447 2082 3635 2156 vide-

583 2225 692 2286 tur
760 2215 1209 2314 Gyromitrae
1264 2216 1568 2313 species,
1621 2214 1809 2315 quod
1859 2241 2074 2314 genus
2125 2212 2528 2289 Morchellis
2580 2214 2896 2314 proprius
2923 2222 3028 2285 est
3055 2235 3254 2311 quam
3288 2203 3635 2280 Helvellis.

403 2398 461 2473 2.
582 2393 958 2472 Mrrnuu
1009 2419 1374 2473 nessus.
1480 2395 1699 2471 Berk.
1753 2396 1940 2471 Dec.
2001 2397 2165 2472 109.
2224 2393 2363 2473 sub
2413 2394 2693 2471 Leotia.

679 2539 818 2615 Ad
872 2538 1067 2615 Ohio
1118 2540 1294 2642 legit
1340 2542 1412 2614 J
1462 2541 1847 2616 Lindblom.

678 2681 916 2760 Valde
968 2685 1177 2759 affinis
1233 2688 1341 2759 M.
1376 2688 1799 2788 paludosae,
1851 2692 2045 2787 cujus
2096 2692 2454 2788 genuinam
2506 2688 2998 2787 expositionem
3047 2685 3304 2785 primus
3356 2678 3515 2755 dedi
3570 2679 3635 2751 in

579 2801 861 2899 Libebl.
917 2805 1033 2879 Sv.
1084 2805 1199 2878 Fl.
1246 2812 1435 2892 1815,
1514 2809 1632 2883 ubi
1708 2832 1985 2907 quoque
2062 2836 2278 2908 genus
2328 2809 2689 2881 limitatum.
2792 2803 2945 2879 Sub
2993 2801 3240 2878 Leotia
3286 2799 3484 2874 valde
3537 2796 3637 2870 di-

579 2924 768 2996 versi
822 2924 1317 2997 confunduntur
1366 2924 1570 3024 fungi.
1672 2926 1971 3014 Hillius,
2025 2924 2326 3015 Auctor,
2377 2928 2507 3000 sub
2557 2925 2692 2998 hoc
2743 2925 3011 2997 nomine
3064 2920 3271 2995 modo
3322 2914 3639 2992 intellexit

588 3038 1077 3117 Tremellinam
1126 3042 1320 3117 Leot.
1363 3042 1736 3132 lubricam,
1789 3047 1897 3119 cui
1947 3072 2195 3118 nomen
2247 3048 2448 3144 igitur
2497 3069 2785 3118 necesse
2830 3040 3252 3116 servandum.
3356 3038 3444 3110 L.
3500 3045 3639 3108 cir-

586 3171 872 3247 einans,
930 3163 1251 3234 marcida
1300 3174 1426 3235 etc.
1480 3189 1698 3261 genus
1753 3161 2211 3237 Cudoniarum
2264 3166 2537 3248 sistunt,
2602 3163 2899 3261 reliquae
2950 3157 3290 3232 Mitrulae.
3395 3154 3459 3227 E
3511 3154 3639 3226 hat:

580 3306 803 3379 grege
855 3306 1139 3379 prorsus
1188 3275 1650 3356 excludendae
1699 3282 2006 3355 Helvella
2054 3311 2312 3356 amara
2355 3294 2424 3356 et
2472 3282 2566 3355 H.
2618 3309 2809 3354 nana
2862 3278 3118 3366 With„
3177 3278 3270 3350 ob
3319 3275 3631 3375 paginam

578 3399 967 3473 inferiorem
1022 3402 1375 3473 saturatius
1426 3399 1823 3488 coloratam,
1885 3427 1973 3475 ne
2027 3398 2506 3475 Helvellaceae
2580 3400 2852 3500 quidem
2929 3410 3114 3485 sunt,
3185 3394 3310 3470 sed
3360 3394 3635 3495 potissi-

584 3546 772 3591 mum
826 3515 1475 3619 Hymenomycetes.
1604 3519 1697 3591 H.
1748 3516 2441 3616 irffundibulzformis
2497 3515 2790 3592 Schaeff.
2844 3544 2930 3591 ex
2978 3514 3209 3590 Corda
3263 3516 3348 3587 sit
3397 3512 3635 3585 subtus

589 3638 932 3737 ascigera!
1024 3649 1093 3710 et
1140 3640 1300 3710 novi
1361 3640 1627 3736 generis
1678 3650 1883 3739 typus
1957 3636 2431 3741 (Cucullaria
2485 3636 2697 3711 Cord.
2751 3634 3000 3710 Anleit.
3052 3661 3121 3734 p.
3183 3632 3391 3730 192),
3440 3628 3635 3730 quale

585 3783 756 3830 vero
810 3757 877 3827 in
927 3781 1151 3828 rerum
1202 3768 1435 3828 natura
1483 3769 1666 3830 certe
1742 3784 1877 3830 non
1936 3758 2184 3832 existit!
2265 3754 2450 3830 Mire
2515 3782 2678 3829 vero
2756 3755 2988 3828 habitu
3071 3752 3415 3837 convenit,
3483 3749 3639 3820 licet

585 3873 870 3974 singulis
924 3874 1230 3970 partibus
1275 3877 1596 3963 crassior,
1650 3903 1802 3949 cum

511 4058 543 4091 ⁰
590 4056 923 4132 Discum
977 4080 1591 4145 scaonicnmu,
1674 4056 2017 4159 excipulo
2078 4055 2466 4159 peltiformi
2550 4054 2969 4145 orbiculari,
3025 4054 3228 4131 disco
3269 4051 3635 4156 -fuliginen

588 4174 953 4274 depresso
1026 4201 1285 4250 versus
1369 4176 1717 4251 ambitum
1804 4176 2508 4264 convexo-reflexo,
2589 4175 2847 4252 subtus
2914 4174 3082 4251 albo
3160 4173 3255 4248 ad
3328 4173 3635 4274 stipitem

584 4291 1103 4369 brevissimum
1154 4292 1665 4370 scrobiculato.

688 4434 818 4509 Ad
883 4442 1151 4510 terram
1214 4436 1556 4513 silvarum
1638 4435 1827 4511 circa
1908 4433 2271 4536 Upsaliam
2348 4444 2654 4525 aestate,
2733 4435 2806 4511 in
2887 4435 3235 4513 societate
3297 4436 3639 4511 Helvellae

568 4556 839 4656 pullae.
895 4554 1098 4628 Julio.

692 4695 893 4772 Disc.
945 4699 1249 4798 perlatae
1304 4701 1521 4772 minor
1569 4711 1638 4772 et
1679 4701 1971 4787 tenuior,
2026 4713 2325 4774 ceterum
2376 4698 2463 4773 ad
2513 4698 2802 4773 eundem
2850 4709 3085 4800 typum
3136 4697 3447 4786 formata,
3493 4698 3639 4797 pel·

586 4828 651 4888 ta
704 4844 872 4891 vero
923 4818 1230 4915 ejusdem
1271 4844 1469 4890 more
1529 4830 1747 4891 terrae
1795 4845 1928 4891 non
1982 4817 2327 4917 adpressa.
2458 4815 2695 4916 Stipes
2749 4817 3028 4906 farctus,
3086 4817 3278 4889 1—2
3330 4817 3437 4890 lin.
3493 4818 3639 4890 lon-

588 4962 717 5033 gus
761 4948 829 5011 et
877 4962 1096 5034 aeque
1144 4934 1286 5009 fere
1348 4962 1655 5024 crassus,
1706 4938 1851 5010 basi
1906 4947 2148 5010 terram
2201 4940 2268 5011 in
2316 4937 2665 5011 bulbillum
2719 4948 2930 5009 atrum
2983 4937 3440 5036 conglobans,
3493 4963 3639 5010 sur-

589 5081 734 5127 sum
785 5057 854 5128 in
903 5055 1155 5153 peltam
1210 5055 1658 5128 orbicularem
1718 5056 1797 5154 14
1840 5080 1991 5128 unc.
2046 5067 2116 5130 et
2166 5057 2334 5129 ultra
2383 5056 2615 5144 latam,
2697 5038 2966 5128 omnino
3037 5054 3518 5129 horizontalem
3573 5070 3639 5130 et

588 5175 1150 5274 immarginatam,
1202 5172 1429 5248 medio
1477 5174 1608 5247 late
1660 5185 1728 5247 et
1777 5191 1881 5246 sat
1922 5174 2259 5274 profunde
2325 5173 2758 5275 depressam,
2807 5200 3047 5248 versus
3101 5176 3419 5250 ambitum
3471 5202 3639 5250 vern

591 5289 916 5368 deflexam
991 5294 1160 5390 (non
1238 5319 1406 5367 vero
1479 5293 1877 5396 involutam)
1927 5292 2251 5368 dilatatus.
2366 5289 2663 5382 subtus,
2718 5295 2812 5367 uti
2880 5293 3113 5394 stipes,
3164 5293 3448 5368 candida
3505 5310 3639 5382 est,
