4984 6517
147 13 647 300 F

3436 610 3544 696 ¹71

616 831 856 916 ralem,
920 831 1054 927 jam
1135 829 1368 903 habitu
1443 826 1635 904 facile
1684 826 2338 928 recognoscendam;
2387 852 2518 901 nec
2567 852 2701 900 non
2749 829 2931 928 pileo
2996 840 3065 903 et
3134 826 3653 930 hymenophoro

622 949 1094 1046 homogeneis,
1165 961 1484 1022 contextu
1555 945 1900 1035 uniformi,
1983 949 2417 1021 descendente
2478 957 2663 1020 inter
2720 973 2972 1047 poros,
3045 973 3253 1047 quare
3331 944 3398 1017 hi
3471 946 3654 1046 pileo

621 1067 945 1165 contigui,
1005 1092 1137 1139 nec
1213 1070 1362 1167 ejus
1440 1078 1741 1141 texturae
1822 1067 2221 1140 verticaliter
2282 1068 2617 1165 oppositi,
2672 1078 2741 1139 et
2791 1067 3217 1160 longitudine
3265 1065 3654 1164 inaequales

617 1190 775 1282 (nec
861 1185 1212 1284 aequales)
1287 1183 1707 1287 Polystictos
1789 1212 1874 1259 eo
1954 1187 2169 1284 magis
2242 1186 2700 1259 necessarium
2788 1184 2946 1256 duxi
3024 1184 3305 1257 seorsim
3390 1209 3653 1283 propo—

614 1330 804 1390 nere,
854 1331 1010 1379 cum
1061 1304 1387 1377 hisistant
1437 1329 1652 1401 genus
1704 1307 2087 1404 primarium
2142 1317 2212 1378 et
2258 1304 2789 1403 vulgatissimum
2844 1330 2897 1375 s.
2931 1303 3274 1403 typicum,
3299 1329 3426 1401 pro
3457 1306 3652 1402 cujus

619 1424 1106 1522 subgeneribus
1140 1425 1368 1522 potius
1398 1419 1756 1495 Trametes
1786 1422 1947 1519 (una
2004 1450 2156 1496 cum
2208 1420 2597 1520 Daedalea)
2624 1433 2694 1495 et
2720 1418 3102 1519 Hexagona
3126 1423 3296 1494 sumi
3345 1432 3650 1519 possent.

709 1562 840 1640 His
894 1568 1204 1641 omnibus
1256 1565 1620 1662 generibus
1673 1563 1912 1637 eadem
1964 1592 2289 1665 pororum
2344 1568 2620 1665 genesis
2689 1592 2730 1639 e
2781 1564 3065 1639 foveolis
3119 1563 3651 1662 superficialibus

615 1710 884 1784 semper
927 1685 1209 1784 apertis,
1259 1709 1298 1756 e
1350 1693 1582 1755 centro
1614 1709 1853 1756 versus
1906 1686 2226 1757 ambitum
2272 1686 2662 1758 successive
2716 1684 3001 1758 evolutis
3051 1685 3651 1782 sensimquepro-

618 1804 879 1876 fnndins
931 1804 1303 1887 ernnrntis,
1358 1803 1603 1901 quibus
1682 1803 2049 1876 rationibus
2127 1802 2304 1876 clare
2359 1801 2691 1876 disfferunt
2747 1829 2787 1875 a
2836 1800 3101 1876 Boletis
3158 1814 3227 1875 et
3274 1798 3649 1902 Polyporis

618 1924 787 1996 reris
835 1924 1023 2020 puris
1087 1921 1582 2020 praeformatis,
1635 1918 2119 2009 determinatis,
2186 1921 2650 2021 homogeneis.
2751 1918 2949 1996 Haec
2997 1948 3323 2023 potorum
3360 1921 3650 2019 primor-

622 2040 723 2112 dia
767 2042 1266 2136 pnnetilhrnnin,
1319 2038 1791 2138 superficialia,
1843 2038 2131 2113 discreta
2162 2040 2317 2113 hinc
2369 2043 2567 2114 etiam
2618 2042 2684 2114 in
2728 2040 2966 2114 adultis
3017 2068 3256 2116 versus
3281 2040 3647 2138 marginem

618 2160 1143 2256 ennepirinntur,
1219 2184 1352 2257 quo
1423 2158 1490 2229 in
1544 2159 1723 2230 omni
1792 2169 1967 2231 statu
2013 2185 2053 2231 a
2106 2158 2670 2257 praecedentibus
2731 2159 3213 2233 discernuntur.
3312 2154 3650 2257 Analogia

614 2280 674 2352 in
723 2280 955 2348 ricinis
1007 2276 1347 2349 ordinibus
1396 2275 1635 2349 horum
1687 2303 2012 2376 generum
2068 2303 2312 2350 nexum
2367 2281 2620 2377 optime
2665 2279 2960 2351 illustrat.
3060 2276 3398 2378 Polypori
3445 2277 3648 2377 plene

618 2396 1031 2496 reapondent
1079 2396 1396 2468 Lfflrtinis
1444 2390 1996 2493 Agaricinorum,
2064 2393 2504 2495 Theleplwris
2565 2392 3217 2480 Auricularinorum3
3279 2395 3651 2494 Polysticti

617 2512 807 2588 Panis
867 2528 935 2588 et
987 2512 1264 2588 Stereis.
1331 2508 1584 2584 Ultima
1635 2516 1757 2586 tria
1804 2540 2055 2613 genera
2106 2540 2243 2587 non
2295 2514 2527 2586 habitu
2556 2513 2761 2587 modo
2814 2526 2884 2588 et
2907 2516 3333 2613 vegetatione
3362 2540 3647 2612 prorsus

614 2644 1015 2728 flung-ruunt,
1095 2632 1219 2704 aed
1295 2632 1493 2704 etiam
1574 2634 1798 2720 zoniS,
1877 2645 2084 2706 strato
2157 2631 2555 2706 intermedio
2622 2632 3075 2719 filamentoso,
3126 2644 3201 2704 ut
3250 2632 3644 2733 imperfecte

618 2752 911 2824 evolutas
967 2752 1211 2820 [πυτ-11135
1266 2775 1469 2847 aegre
1522 2748 1885 2825 discernas.
1992 2749 2350 2825 Trametes
2406 2764 2629 2825 autem
2674 2752 2944 2850 anologi
2996 2763 3152 2824 sunt
3196 2777 3350 2824 cum
3397 2747 3646 2824 Lenzi-

618 2868 815 2956 tibus,
871 2884 943 2940 ut
995 2868 1079 2944 de
1135 2871 1514 2968 specierum
1564 2869 1928 2944 differentia
1981 2896 2191 2969 saepe
2235 2869 2524 2944 dubites.
2634 2869 3067 2970 Cyclomyces
3094 2870 3322 2972 typice
3374 2870 3646 2943 aberra-

618 2988 699 3056 fin
751 2984 1139 3088 Polym-icti,
1195 2988 1558 3060 Daedalea
1608 3015 1774 3063 vero
1825 2986 2181 3063 Trametis.

707 3128 939 3200 Pileus
1011 3128 1540 3232 Pulysfictorum
1589 3133 1974 3206 normaliter
2023 3132 2373 3205 coriaceus
2425 3140 2568 3219 est,
2635 3131 2762 3206 sed
2824 3129 3076 3231 duplici
3126 3130 3381 3203 ratione
3445 3125 3642 3198 aber·

618 3260 723 3320 rat.
827 3244 907 3320 In
963 3248 1219 3344 Pn&rt.
1287 3246 1854 3335 membranaceis,
1932 3251 2236 3348 primitus
2314 3251 2553 3324 subtus
2625 3252 2884 3350 aporis,
2966 3261 3241 3324 stratum
3313 3245 3645 3347 hymeno-

616 3364 891 3464 phorum
915 3424 931 3452 ,
995 3366 1457 3440 intermedium
1534 3370 1978 3469 reliquorum,
2048 3381 2262 3442 totum
2335 3370 2725 3444 resorbatur
2796 3371 2864 3441 in
2933 3394 3178 3467 poros,
3232 3391 3438 3465 quare
3492 3363 3646 3462 pori

614 3488 991 3556 membrana
1043 3488 1430 3561 inodermea
1481 3487 1688 3561 modo
1737 3487 2120 3562 cohaerent.
2218 3483 2298 3560 In
2350 3486 2615 3584 Polyst.
2658 3483 3080 3584 funalibus,
3111 3485 3435 3558 hactenus
3488 3507 3641 3555 cum

614 3600 1019 3700 sprung-ineis
1063 3604 1391 3693 cenfusis,
1445 3618 1719 3680 stratum
1771 3605 2234 3680 inodermeum
2277 3606 2688 3705 reliquorum
2742 3605 3021 3679 solvitur
3044 3607 3111 3677 in
3153 3616 3423 3702 tegmen
3477 3599 3645 3673 den-

610 3724 867 3792 sissime
943 3736 1273 3810 setoaum,
1340 3737 1799 3825 compactum,
1868 3724 2037 3799 infra
2118 3722 2305 3824 quod
2378 3723 2574 3797 adest
2642 3724 2860 3823 primo
2924 3720 3421 3806 intermedium,
3489 3718 3645 3791 dein

610 3864 967 3936 pnrnsnrn,
1051 3856 1403 3941 utrumque
1485 3856 1719 3918 exacte
1789 3843 1988 3942 hujus
2073 3844 2362 3942 generis.
2466 3839 2545 3915 In
2604 3866 3037 3940 summopere
3089 3837 3504 3913 memorabili
3558 3836 3642 3907 P.

610 3968 943 4028 eis-cinam
983 3972 1255 4032 stratum
1312 3965 1622 4060 superius
1668 3966 2104 4036 incrassatum
2164 3962 2645 4061 spongiosum,
2703 3962 2790 4035 ab
2828 3958 3224 4033 intermedio
3274 3957 3645 4032 suberoso-

614 4076 915 4148 enrianen
979 4076 1521 4177 heterngeneum.
1625 4078 1779 4155 Hae
1829 4082 2019 4180 ipsae
2073 4081 2530 4154 aberrationes
2577 4078 2987 4177 peculiarem
3031 4077 3193 4179 pilei
3245 4085 3643 4150 structuram

614 4196 843 4268 eximie
895 4196 1233 4268 illustrant.

1336 4329 1434 4404 A.
1540 4328 1771 4431 Stirps
1815 4329 2279 4406 Ponsrlcn
2331 4350 2705 4407 pennum

622 4456 1063 4564 Mesnpnden
1123 4464 1163 4540 l.
1227 4462 1757 4565 Pleuropode8‚
1811 4463 2048 4564 stipite
2099 4463 2591 4552 anodermeo,
2642 4470 2992 4538 contextu
3037 4459 3423 4563 sporisque
3469 4458 3643 4536 sub·

614 4576 1051 4680 ferrugineis,
1159 4579 1395 4681 Stipes
1448 4606 1671 4683 saepe
1719 4580 2030 4658 lateralis
2066 4609 2132 4659 v.
2172 4607 2234 4658 c.
2268 4579 2344 4658 in
2395 4586 2484 4658 P.
2540 4600 2931 4668 tomentum,
2994 4579 3353 4676 Cumingii
3399 4578 3642 4654 Berk.!

618 4696 1007 4796 Lep-fenarii
1059 4696 1281 4774 Mnnt.
1337 4706 1482 4779 etc..

510 4892 526 4904 ÷
610 4840 1147 5032 Effennnn.)
1211 4865 1636 4922 PARVULUS.
1740 4843 1982 4946 Epicr.
2037 4869 2109 4946 p.
2179 4850 2321 4919 435.
2417 4846 2506 4917 P.
2577 4859 2915 4918 cannatas
2982 4837 3366 4918 Schwein.!
3458 4841 3639 4945 Syn.

700 5024 703 5026 ,
755 5016 767 5030 .
879 5016 895 5032 .
951 4964 1095 5032 454.
1728 5004 1744 5018 ‘

707 5096 783 5168 In
827 4984 1175 5172 {merim
1219 5097 1494 5175 boreali
1541 5098 1907 5201 frequens,

715 5232 1092 5308 Conferenti
1147 5249 1440 5312 extrema
1499 5238 1722 5336 stipite
1775 5238 1994 5311 obeso
2049 5236 2345 5313 bulboso
2416 5237 2557 5343 (P.
2608 5235 2941 5341 connata)
2993 5246 3063 5312 et
3114 5237 3339 5338 stipite
3415 5237 3645 5337 gracili

606 5344 739 5448 (P.
775 5352 1119 5456 pennalt)
1179 5355 1592 5456 paradoxum
1633 5353 1973 5431 videbitur
2049 5355 2180 5432 hos
2229 5357 2449 5457 jungi,
2501 5355 2628 5432 sed
2671 5354 2866 5432 adest
2915 5355 3280 5432 formarum
3328 5359 3643 5432 interme·
