4984 6517
3480 648 3649 735 389

842 844 992 920 Sed
1045 855 1436 954 utcumque
1488 846 1670 925 haec
1721 856 1949 936 erunt,
2020 849 2193 926 mihi
2257 851 2555 959 quidem
2632 854 3258 953 persuasissimum
3311 867 3437 947 est,
3518 860 3756 937 studia

533 961 653 1037 illa
689 970 763 1038 et
810 963 928 1038 via
974 989 1062 1039 ac
1114 964 1392 1041 ratione
1442 992 1666 1067 posse
1718 975 1791 1042 et
1841 993 2195 1070 prospere
2268 969 2678 1076 utiliterque
2730 973 2999 1075 suscipi
3050 983 3267 1082 atque
3317 977 3460 1052 coli
3527 976 3752 1085 idque
3873 1048 3877 1051 ⁴

529 1079 647 1167 ita,
699 1091 776 1156 ut
825 1080 1119 1158 defendi
1182 1090 1400 1189 queat
1465 1082 1701 1190 iisque
1770 1085 2016 1174 etiam,
2085 1086 2209 1194 qui
2271 1087 2655 1163 erudiendi
2731 1089 2921 1166 istud
2978 1093 3350 1196 negotium
3415 1095 3754 1173 videlicet

532 1206 961 1274 maturatum
1005 1199 1241 1288 velint,
1289 1201 1351 1276 si
1392 1226 1548 1277 rem
1593 1203 2130 1303 perpenderint,
2177 1204 2474 1307 probari
2523 1207 2642 1282 vel
2691 1234 2973 1284 summa
3021 1209 3094 1286 in
3146 1211 3256 1286 his
3307 1213 3559 1291 studiis
3597 1223 3749 1290 tum

533 1315 852 1393 docendi
879 1330 1030 1397 tum
1058 1318 1384 1393 discendi
1413 1319 1794 1423 diligentia.
1897 1321 2018 1396 Sic
2054 1347 2148 1398 ne
2174 1324 2491 1400 maxima
2516 1326 2811 1432 quidem
2860 1328 3475 1436 intentissimeque
3526 1332 3601 1407 in
3641 1332 3752 1409 lit-

532 1435 705 1510 teris
756 1436 1067 1542 antiquis
1116 1436 1433 1512 docendi
1478 1464 1655 1514 cura
1701 1459 1839 1541 pro
1899 1441 2261 1546 »quodam
2321 1442 2516 1518 inani
2584 1442 2777 1518 circa
2827 1445 3054 1521 verba
3105 1446 3386 1522 studio«
3447 1446 3748 1526 habebi·

531 1561 666 1640 tur,
717 1552 853 1628 nisi
897 1555 960 1628 si
1034 1566 1502 1633 consumatur
1580 1556 1655 1632 in
1738 1582 1853 1644 eo,
1928 1558 2131 1665 quod
2197 1571 2318 1635 aut
2389 1560 2604 1660 plane
2676 1563 2969 1672 assequi
3048 1589 3267 1640 nemo
3320 1568 3568 1666 possit,
3622 1577 3746 1644 aut

530 1695 679 1746 non
732 1671 829 1747 ita
880 1673 1129 1773 possit,
1178 1681 1255 1748 ut
1307 1674 1705 1751 molestiam
1746 1675 2018 1752 laboris
2048 1676 2453 1754 studiorum
2487 1677 2763 1754 fructus
2811 1692 3271 1783 compenset;
3319 1708 3457 1759 nec
3509 1687 3745 1786 posita

528 1789 602 1863 in
651 1815 769 1879 eo,
828 1790 1033 1896 quod
1082 1790 1179 1866 ad
1228 1801 1633 1869 accuratam
1689 1793 2079 1870 litterarum
2138 1795 2629 1900 coguitionem
2655 1796 3036 1905 ipsamque
3061 1801 3432 1877 scientiam
3481 1800 3747 1880 doctri-

528 1932 666 1985 nae
718 1908 1088 2008 pertineat,
1141 1920 1646 1990 contemnetur
1698 1937 2040 2021 umquam
2091 1925 2213 1990 aut
2264 1914 2697 1992 irridebitur.

524 2125 776 2181 herniam
818 2116 1206 2194 studiorum,
1249 2116 1372 2184 sed
1413 2119 1746 2185 subsidium
1787 2140 1985 2206 pono,
2048 2122 2254 2208 magis
2317 2122 2643 2207 pertinere
2698 2119 2784 2187 ad
2849 2131 3126 2190 aetatem
3191 2147 3434 2205 eorum,
3498 2129 3610 2214 qui
3674 2130 3741 2195 in

529 2215 901 2304 Gymnasiis
948 2228 1390 2298 exerceantur,
1434 2242 1627 2306 quam
1670 2220 1756 2286 ad
1801 2243 2043 2295 eorum,
2088 2223 2198 2308 qui
2241 2222 2328 2288 ad
2371 2223 2689 2288 subsellia
2729 2224 3119 2291 Academica
3163 2226 3431 2293 admissi
3474 2228 3562 2295 ad
3594 2252 3742 2316 per-

523 2316 867 2385 fectionem
934 2322 1242 2387 scientiae
1306 2323 1698 2401 incumbant,
1764 2333 1996 2401 tamen,
2042 2324 2266 2411 quoad
2331 2327 2832 2392 exercitationes
2898 2328 3226 2395 scribendi
3287 2331 3355 2395 in
3419 2331 3741 2397 curriculo

520 2421 914 2488 Academico
958 2424 1128 2510 ips0,
1172 2423 1391 2490 studia
1433 2423 1791 2513 adjuvandi
1836 2448 2053 2504 causa,
2114 2428 2396 2495 maximo
2460 2451 2608 2494 cum
2671 2428 2889 2495 fructu
2939 2431 2998 2496 si
3039 2452 3173 2496 non
3222 2430 3632 2509 adhibentur,
3675 2441 3745 2498 at

519 2524 814 2590 adhiberi
860 2535 1161 2612 possunt,
1208 2527 1265 2591 si
1310 2526 1572 2613 quidem
1615 2528 1745 2593 illis
1792 2530 1898 2594 vel
1940 2530 2174 2595 mentis
2218 2530 2325 2596 vel
2370 2530 2710 2596 oculorum
2754 2533 2928 2598 acies
2959 2532 3213 2597 acuitur
3254 2531 3342 2602 ad
3385 2535 3744 2621 percipien-

519 2625 690 2704 dum,
734 2627 1060 2714 quidquid
1105 2637 1208 2694 est
1250 2629 1431 2715 apud
1473 2640 1732 2696 veteres
1777 2631 2133 2717 scriptores
2175 2633 2242 2697 in
2287 2633 2523 2718 quovis
2589 2653 2826 2719 genere
2891 2634 3157 2721 cognitu
3223 2633 3518 2715 difficile;
3583 2638 3742 2704 scri·

514 2729 712 2795 bendi
755 2731 904 2796 illas
949 2731 1467 2809 exercitatione8‚
1511 2733 1651 2798 sive
1694 2733 1762 2798 in
1806 2732 1955 2799 solo
1998 2755 2127 2798 usu
2170 2735 2427 2821 positae
2493 2742 2684 2800 erunt
2747 2736 2888 2800 sive
2927 2736 2995 2801 in
3047 2737 3400 2823 specimine
3463 2731 3742 2815 edendo,

517 2853 671 2917 quo,
716 2834 904 2919 quasi
948 2833 1405 2920 supplemento
1451 2835 1867 2921 cognitionis,
1917 2834 2387 2923 discipulorum
2454 2835 2735 2904 eruditio
2778 2838 3144 2903 accuratius
3191 2839 3564 2925 certiusque
3627 2851 3738 2906 exi

516 2932 812 3019 quiritur,
851 2935 1209 3000 litterarum
1252 2934 1571 3002 studiosis
1614 2937 1679 3002 in
1723 2936 2076 3002 Academia
2116 2958 2526 3024 nequaquam
2571 2938 2941 3003 remiserim.

685 3065 807 3133 Ille
848 3077 1078 3146 autem,
1123 3089 1347 3164 quum·
1366 3067 1526 3134 dicit
1566 3090 1661 3147 se,
1704 3069 1761 3135 si
1804 3069 2045 3152 liceret,
2090 3069 2368 3135 libenter
2408 3069 2862 3149 remissurum,
2906 3068 2991 3136 de
3035 3067 3366 3135 scribendi
3429 3069 3736 3156 periculis

517 3168 1030 3236 adolescentium
1050 3181 1424 3236 nostrorum
1450 3171 1547 3237 sic
1581 3170 1874 3238 disserit:
1930 3170 2113 3237 »Icke
2157 3169 2438 3248 dei-fore,
2482 3192 2629 3238 som
2673 3170 2888 3237 skulle
2929 3171 2951 3236 i
2995 3171 3303 3238 medeltal
3346 3170 3671 3238 dictionen
3712 3172 3737 3237 i

519 3271 719 3337 dessa
761 3273 1284 3338 examenschrior
1347 3295 1505 3339 vara
1558 3273 1706 3361 just
1767 3273 2034 3363 mycket
2076 3279 2289 3339 samre
2330 3296 2419 3338 nu
2463 3279 2550 3338 an
2595 3273 2723 3339 den
2765 3295 2884 3339 var
2924 3271 3030 3339 for
3075 3275 3157 3340 50
3202 3273 3278 3340 fir
3320 3273 3546 3352 sedan,
3588 3296 3737 3341 men

522 3374 651 3441 den
691 3374 864 3441 bade
906 3397 1024 3440 var
1069 3375 1155 3441 da
1199 3376 1328 3441 och
1370 3381 1443 3441 ar
1486 3382 1660 3442 annu
1704 3376 1885 3464 dalig
1936 3397 2072 3463 nog
2113 3413 2199 3425 —
2239 3373 2622 3462 isynnerhet
2687 3374 2775 3441 da
2840 3375 3155 3463 derjemte
3217 3377 3241 3441 i
3302 3374 3734 3442 ben-ahtande

518 3486 699 3565 tages
744 3478 858 3544 det
898 3479 1154 3544 triviala
1194 3479 1550 3546 innehallet
1591 3517 1677 3530 -
1717 3478 1824 3545 for
1866 3486 1964 3545 att
2006 3478 2149 3543 icke
2191 3477 2475 3566 fortjena
2518 3486 2616 3542 att
2655 3476 3049 3565 framlaggas
3094 3477 3316 3544 sasom
3359 3485 3455 3543 ett
3498 3476 3731 3543 offent-

512 3581 632 3668 ligt
671 3580 832 3666 prof
865 3579 1015 3645 med
1058 3580 1180 3668 thy
1224 3579 1586 3669 atffiljande
1606 3579 1897 3667 ansprak
1938 3579 2027 3666 pa
2072 3587 2166 3645 ett
2209 3578 2388 3667 slags
2433 3579 2836 3645 classicitets
2945 3579 3263 3645 Intererat
3305 3601 3730 3667 cognoscere,

512 3704 644 3769 quo
686 3680 930 3749 factum
976 3704 1126 3748 esse
1169 3682 1485 3760 crederet,
1548 3693 1624 3749 ut
1688 3683 1802 3748 illa
1862 3683 2029 3748 bene
2094 3681 2422 3747 scribendi
2487 3681 2653 3758 laus,
2718 3683 2774 3747 si
2839 3703 3144 3767 umquam
3207 3680 3348 3759 fuit,
3409 3682 3480 3747 in
3535 3681 3728 3748 disci-

507 3784 680 3871 pulis
741 3784 994 3872 jamdiu
1058 3787 1469 3852 senesceret?
1533 3806 1840 3851 eorumne
1914 3785 2210 3871 ipsorum
2287 3784 2511 3871 culpa,
2575 3805 2658 3848 an
2724 3783 3041 3849 aliorum?
3113 3793 3466 3850 naturaene
3535 3785 3728 3861 vitiu,

506 3908 591 3951 an
650 3887 1124 3953 institutionis?
1206 3888 1305 3953 Ac
1348 3888 1502 3953 licet
1566 3908 1906 3973 quaerere,
1970 3895 2186 3951 utrum
2233 3886 2602 3952 enitendum
2668 3897 2960 3963 censeat,
3016 3897 3120 3964 ut,
3166 3908 3333 3973 quae
3378 3885 3724 3953 exercendi

508 4010 709 4054 causa
749 3989 1196 4075 suscipiuntur
1238 3992 1321 4056 ab
1367 3989 1899 4057 adolescentibus
1944 3989 2355 4075 scriptiones,
2416 3989 2649 4055 melius
2693 3991 3129 4066 instituantur,
3195 4011 3297 4067 an,
3360 3988 3545 4075 quod
3586 3988 3725 4055 fieri

504 4091 576 4156 id
618 4113 751 4157 non
792 4094 1011 4179 possit
1053 4101 1184 4170 aut,
1229 4094 1285 4157 si
1329 4093 1562 4178 possit,
1605 4091 1766 4156 nihil
1809 4091 2041 4178 prosit,
2101 4091 2348 4156 idcirco
2415 4089 2817 4158 deserendas
2862 4093 3009 4158 illas
3045 4091 3550 4177 tollendasquei’
3591 4089 3728 4156 Sed

504 4194 669 4261 haec
711 4194 1047 4261 hactenus.
1135 4195 1201 4260 Is
1249 4195 1510 4281 quidem
1554 4194 1816 4260 locutus
1863 4203 1966 4259 est
2010 4193 2094 4259 de
2144 4216 2223 4258 eo
2270 4193 2645 4279 scriptionis
2710 4216 2964 4282 genere,
3030 4194 3213 4281 quod
3274 4195 3342 4259 in
3408 4192 3746 4282 sententia·

506 4296 726 4383 aliqua
789 4297 1177 4384 explicanda
1240 4308 1569 4374 versatur,
1634 4297 1740 4363 cui
1805 4294 2134 4362 scribendi
2196 4296 2416 4384 generi
2463 4334 2537 4345 —
2588 4305 2677 4377 ut,
2724 4296 2903 4380 quod
2949 4298 3178 4374 sentio,
3220 4297 3498 4383 ingenue
3517 4292 3726 4359 fatear

511 4435 583 4448 -·
633 4421 766 4466 non
809 4400 997 4466 soleo
1040 4401 1314 4465 multum
1360 4401 1657 4483 tribuere,
1703 4399 2008 4484 quoniam
2054 4397 2316 4474 chriam,
2362 4419 2531 4483 quae
2576 4397 2829 4473 dicitur,
2872 4420 2993 4463 nec
3036 4397 3121 4462 ad
3164 4397 3518 4482 parandam
3565 4396 3722 4461 scri-

501 4500 701 4567 bendi
742 4501 1134 4580 facultatem,
1181 4526 1299 4569 nec
1342 4501 1428 4568 ad
1471 4500 1905 4588 probandam,
1950 4509 2083 4566 tam
2152 4501 2397 4568 bonum
2458 4500 2676 4566 inveni
2738 4500 3197 4587 adjumentum,
3240 4520 3431 4584 quam
3476 4499 3722 4585 scripta

502 4603 800 4670 Suecana
840 4605 908 4670 in
951 4604 1251 4670 Latinum
1287 4626 1650 4670 sermonem
1694 4602 1991 4669 vertendi
2037 4624 2329 4689 operam3
2375 4624 2508 4687 quo
2530 4623 2765 4689 genere
2789 4601 3268 4668 exercitationis
3312 4602 3418 4666 vel
3463 4599 3630 4684 sole,
3652 4601 3718 4665 in

503 4706 677 4772 omni
702 4706 1089 4773 discentium
1110 4707 1401 4795 cujusvis
1425 4706 1655 4773 aetatis
1681 4707 1868 4793 quasi
1912 4704 2150 4780 stadi0,
2194 4706 2251 4770 si
2286 4726 2403 4791 per
2437 4704 2619 4791 leges
2644 4705 2882 4780 liceret,
2927 4713 3272 4770 contentus
3317 4723 3442 4790 ego
3486 4723 3717 4768 essem.

499 4807 837 4894 Siquidem
899 4810 1079 4875 chria
1120 4811 1231 4875 illa
1274 4810 1732 4874 maturioribus
1799 4810 1989 4878 etiam
2033 4809 2222 4873 nimis
2268 4807 2469 4874 habet
2529 4805 2951 4884 difficultatis,
2996 4827 3212 4894 quum,
3257 4806 3367 4890 qui
3411 4803 3717 4882 scribent,

496 4934 629 4978 non
673 4912 888 4978 solum
930 4915 1130 4979 verba
1175 4934 1419 4986 curare,
1464 4910 1587 4977 sed
1631 4911 1838 4986 etiam,
1883 4910 2042 4998 quid
2087 4911 2324 4986 dicant,
2368 4909 2739 4997 excogitare
2762 4921 3104 4996 cogantur3
3146 4909 3213 4972 in
3256 4906 3478 4972 studio
3501 4914 3717 4972 autem

496 5014 813 5093 vertendi,
858 5037 990 5101 quo
1036 5016 1368 5081 firmantur
1432 5015 1605 5079 vires
1663 5014 1870 5088 animi,
1916 5036 2049 5080 non
2091 5012 2497 5100 franguntur,
2560 5021 2628 5077 et
2689 5012 2923 5077 mentis
2975 5008 3375 5077 exercendae
3420 5017 3487 5074 et
3526 5008 3716 5075 indu·

498 5117 659 5182 stria
700 5116 1126 5183 assuescendi
1191 5118 1352 5182 satis
1419 5115 1674 5201 amplus
1721 5126 1824 5181 est
1868 5116 2073 5192 locuS,
2142 5116 2447 5202 quoniam
2513 5113 2664 5178 sine·
2720 5135 2953 5202 magna
3019 5113 3354 5201 diligentia
3403 5111 3541 5176 fieri
3583 5132 3717 5175 non

497 5227 736 5306 potest,
778 5227 856 5284 ut
900 5221 1067 5306 quie,
1113 5241 1278 5306 quae
1326 5219 1457 5283 sint
1500 5218 1585 5283 ad
1630 5217 2013 5284 vertendum
2068 5216 2443 5305 proposita,
2510 5228 2837 5290 accurate,
2881 5216 3179 5303 proprie,
3222 5214 3452 5279 Latine
3494 5212 3715 5278 verbis

497 5323 846 5408 exprimat;
892 5333 960 5388 et
1000 5324 1066 5388 in
1107 5323 1237 5388 hoc
1260 5323 1358 5399 iis,
1403 5321 1601 5407 quiin
1624 5321 1851 5386 Latine
1887 5319 2236 5385 scribendo
2283 5331 2685 5397 exercentur,
2728 5339 2874 5385 meo
2906 5318 3168 5405 quidem
3200 5315 3453 5406 judicio
3496 5314 3718 5401 posita

497 5440 652 5492 sunt
696 5427 925 5492 omnia.
3311 5504 3402 5579 51
