4984 6517
1397 586 1574 675 130

1487 815 1593 878 ter
1636 795 2326 902 bullato-prominula,
2380 806 2447 867 at
2496 793 2624 868 hae
2666 793 2892 866 bullae
2944 792 3325 890 cing-untur,
3400 789 3699 889 margine
3774 788 4197 888 prominente
4273 789 4511 862 eximie

1488 921 1842 998 orbiculari
1892 930 1962 993 et
2009 919 2077 991 in
2125 914 2349 988 medio
2394 911 2595 1011 hujus
2641 911 2906 986 areolae
2976 921 3326 1009 emergunt
3376 908 3613 983 ostiola
3665 905 4207 1008 papillaeformia.
4311 903 4513 977 Nud-

1490 1041 1678 1116 cleus
1727 1065 2009 1139 prorsus
2061 1044 2423 1109 evacuatus
2475 1043 2648 1119 erat,
2712 1040 3095 1104 remanente
3177 1040 3428 1101 tantum
3503 1028 3754 1126 tapetio
3814 1023 4136 1109 candidm
4206 1024 4516 1122 irrigatus

1491 1160 1671 1233 nullo
1725 1156 1931 1231 modo
1982 1152 2457 1237 reviviscebat,
2512 1161 2588 1221 ut
2636 1174 2723 1222 ne
2782 1174 3023 1248 sporas
3072 1147 3342 1246 quidem
3396 1144 3717 1243 detegere
3767 1144 4042 1216 licuerit.

1291 1320 1359 1393 2.
1485 1317 1577 1392 Η.
1635 1316 2154 1416 (Pumnun)
2206 1332 2812 1387 concsn'rmcum.
2922 1307 3174 1410 (Bolt.)
3229 1306 3302 1382 S.
3359 1304 3456 1381 M.
3507 1306 3594 1381 Π.
3642 1331 3712 1406 p.
3768 1305 3940 1380 331.

1583 1458 1649 1532 Ε
1700 1459 1919 1533 Costa
1964 1455 2144 1530 Rica
2193 1441 2605 1562 (Or-stad),
2649 1450 3032 1530 Borabora
3092 1455 3166 1524 et
3232 1447 3486 1523 insulis
3554 1440 4217 1522 Sandvichensibus
4293 1441 4516 1518 maris

1492 1575 1773 1678 pacifici
1823 1573 2367 1681 (Didrichsen).
3611 1595 3626 1609 ·

1592 1721 1819 1822 Hujus
1868 1749 2269 1797 numerosae
2324 1722 2617 1809 formae,
2670 1748 2906 1794 omnes
2951 1720 3278 1810 exoletae,
3326 1721 3621 1821 undique
3696 1719 3838 1793 fere
3898 1731 4221 1794 terrarum
4276 1742 4520 1815 repor-

1494 1854 1700 1929 tatae,
1749 1842 1919 1915 inter
1969 1868 2045 1914 se
2096 1843 2325 1941 utique
2370 1840 2664 1915 nonnihil
2716 1839 3054 1926 differunt,
3110 1840 3234 1914 sed
3289 1842 3466 1913 notis
3516 1839 3666 1912 fidis
3715 1837 4037 1911 hactenus
4111 1834 4523 1934 distinguere

1491 1986 1626 2033 non
1676 1960 1873 2031 licuit.
1980 1955 2370 2058 Specimina
2419 1959 2800 2060 praesentia
2854 1958 2928 2030 S.
2982 1958 3380 2033 Eschholzii
3427 1956 3598 2032 Hor.
3645 1955 3859 2059 Phys.
3905 1953 4071 2030 Ber.
4126 1968 4171 2027 t.
4225 1955 4335 2027 18.
4363 1952 4407 2026 f.
4447 1954 4516 2026 8.

1441 2104 1456 2121 ·
1494 2090 1817 2177 spectant.
1879 2119 1974 2133 —
2026 2074 2127 2149 At
2185 2078 2260 2150 S.
2307 2088 2736 2151 concmtrica
2786 2074 3052 2150 Wahl.!
3102 2074 3211 2150 Fl.
3265 2072 3522 2176 Lapp.,
3601 2077 3796 2149 etiam
3864 2076 3928 2147 in
4008 2070 4405 2146 Smolandia
4453 2084 4523 2146 et

1493 2190 1833 2295 Uplandia
1883 2195 2087 2281 lecta,
2163 2221 2435 2295 semper
2487 2208 2658 2286 atra,
2732 2194 3337 2296 rigido-durissima
3390 2197 3761 2297 persistens
3814 2219 3944 2268 nec
3996 2190 4265 2265 demum
4316 2191 4521 2290 fragi-

1493 2314 1607 2401 lis,
1658 2336 1818 2388 vere
1857 2315 2214 2413 perennis,
2268 2317 2489 2414 sporis
2540 2314 2741 2389 foede
2794 2318 3320 2416 atro-inquinans
3369 2317 3475 2411 (ut
3517 2316 3707 2389 miles
3765 2311 3900 2385 hoc
3967 2310 4173 2410 fungo
4231 2308 4319 2383 ad
4365 2337 4519 2412 my-

1495 2445 1714 2506 staces
1755 2430 2069 2505 attandas
2123 2434 2393 2531 saepius
2442 2460 2608 2506 usus
2664 2434 2845 2534 sitt),
2898 2435 3269 2508 distinctam
3321 2434 3491 2507 sistit
3540 2434 3874 2533 speciem,
3923 2430 4017 2503 H.
4068 2431 4521 2502 durissimum

1493 2546 1571 2622 S.
1623 2547 1804 2650 Veg.
1850 2545 2102 2623 Scand.

1295 2699 1363 2773 3.
1486 2697 1583 2772 H.
1637 2698 2160 2799 (Pavum-m)
2212 2717 2779 2780 compunctum,
2836 2691 3255 2781 maximum,
3310 2688 3807 2777 rotundatum,
3861 2688 4019 2765 basi
4048 2689 4518 2766 constrictum

1293 3484 1360 3555 4.

1288 4796 1356 4868 6.

1461 2829 1709 2921 ‘extus
1756 2816 2094 2918 intusque
2122 2812 2472 2899 albidum,
2529 2817 2876 2886 stromate
2923 2835 2968 2885 e
3030 2834 3425 2886 »camoso«
3480 2807 3844 2884 suberoso
3894 2833 3938 2882 a
3984 2807 4143 2884 basi
4168 2808 4516 2895 radiante,

1492 2933 1903 3041 peritheciis
1978 2931 2337 3009 immersis
2408 2927 2885 3031 periphericis
2965 2926 3468 3003 uniserialibus
3548 2927 3777 3002 ovatis
3854 2927 4278 3028 ostiolisque
4327 2952 4517 3027 pun-

1493 3051 2259 3152 ctiformi-prominulis
2310 3049 2554 3151 nigris.
2660 3048 3030 3150 Sphaeria.
3078 3043 3341 3149 Jungh.
3395 3047 3546 3120 Jav.
3597 3071 3665 3147 p.
3724 3047 3844 3118 21.
3900 3043 3945 3119 f.
4004 3047 4115 3119 12.

1588 3202 1670 3279 In
1723 3200 1973 3276 insulis
2024 3197 2479 3274 Nikobaricis
2531 3194 2914 3275 rarissime.

1596 3336 1852 3412 Colore
1896 3364 1936 3410 a
1981 3337 2190 3434 priori
2240 3335 2443 3435 longe
2496 3332 2727 3423 distat,
2773 3346 2842 3407 at
2892 3345 3221 3407 structura
3268 3331 3856 3408 fibroso-radiaute
3905 3333 4104 3433 hujus
4149 3338 4398 3434 gregis.

1484 3479 1576 3554 H.
1634 3479 2015 3578 (Putvm.)
2064 3496 2497 3551 cronosmu.
2603 3474 2674 3548 S.
2730 3471 2826 3548 M.
2883 3474 2969 3547 II.
3023 3498 3091 3573 p.
3126 3473 3293 3548 331.
3349 3476 3443 3549 Η.
3491 3477 3935 3578 pilaeforme.
3980 3476 4195 3551 Berk.
4221 3476 4517 3553 et‘Curt.

1493 3599 1567 3673 in
1618 3596 1766 3672 Sill.
1823 3576 2076 3668 Journ.
2139 3593 2350 3666 1850.
2399 3618 2476 3695 p.
2518 3589 2636 3665 95.
2696 3615 2740 3664 e
2793 3588 3027 3665 deser.
3078 3600 3358 3667 exacte.

1591 3738 1788 3812 Inter
1838 3734 2017 3810 alios
2096 3733 2358 3837 fungos
2410 3758 2513 3811 ex
2560 3728 2773 3807 Oahu
2818 3731 3347 3839 (pidrichsen)
3404 3732 3619 3833 hujus
3695 3759 3996 3837 quoque
4038 3735 4245 3813 adest
4307 3739 4519 3816 indu-

1491 3854 1690 3930 bium
1741 3854 2133 3956 specimen.

1590 3995 1812 4070 Priori
1864 3996 2065 4092 longe
2117 3994 2331 4064 minor
2378 4004 2735 4095 extusque-
2770 4004 2940 4081 atra,
3014 3991 3138 4066 sed
3216 4006 3466 4068 stroma
3515 3993 3695 4069 idem
3746 4009 3867 4070 est.
3971 3993 4279 4073 Subinde
4328 4001 4517 4100 stipi-

1489 4128 1622 4187 tata
1672 4158 1766 4169 —
1821 4126 1889 4185 et
1932 4113 2275 4184 transitum
2325 4113 2611 4208 praebet
2662 4109 2749 4184 ad
2801 4110 3136 4213 Xylarias.

1489 4258 1580 4333 H.
1629 4258 2145 4356 (PoLva‘rA)
2195 4275 2729 4330 MARGmA'rUM
2773 4269 2833 4352 β.
2882 4259 3295 4358 depressum.
3346 4254 3457 4329 El.
3507 4255 3574 4328 2.
3628 4279 3696 4355 p.
3749 4255 3865 4328 64.

1597 4396 1679 4468 In
1732 4393 2050 4469 Mexico.
2116 4392 2470 4469 Liebman.

1590 4535 1788 4611 Hanc
1839 4535 2120 4609 sormam
2174 4564 2212 4608 a
2263 4563 2383 4609 sua
2439 4536 2610 4636 Sph.
2665 4547 3074 4632 marginata
3125 4535 3417 4609 distinxit
3469 4534 3882 4622 Schweim‘z,
3959 4550 4027 4609 at
4096 4564 4230 4610 non
4296 4536 4513 4611 differt

1489 4658 1614 4731 nisi
1662 4668 1979 4729 stromate
2033 4655 2265 4730 effuso.

1481 4794 1574 4868 H.
1638 4796 2110 4896 (Amnum.)
2166 4817 2651 4882 onmannnu,
2702 4792 3155 4879 immersum,
3214 4816 3638 4893 erumpens,
3689 4792 3987 4870 demum
4009 4794 4151 4870 late
4181 4795 4512 4881 effusum,

1488 4909 2069 4997 determinatum,
2124 4909 2609 5011 applanatum,
2662 4911 3097 5011 impolitum,
3171 4918 3514 4986 stromate
3579 4911 3879 5014 proprio
3930 4921 4119 5000 atre,
4196 4910 4510 5013 perithe·

1491 5029 1618 5104 ciis
1665 5030 2023 5104 immersis
2069 5028 2406 5131 oblongis
2423 5090 2440 5117 ‚
2497 5028 2770 5105 ostiolis
2813 5026 3849 5130 hemisphaerion-promimus
3896 5029 4345 5106 umbilicatis.

1585 5169 1713 5245 Ad
1767 5174 2065 5244 truncos
2109 5167 2454 5247 arborum
2505 5180 2835 5247 mortuos
2882 5171 2955 5245 in
3012 5172 3226 5245 Costa
3276 5172 3471 5247 Rica.
3588 5162 3860 5253 (fr-seed.

1587 5310 1981 5387 Proximum
2012 5312 2108 5387 H.
2137 5315 2603 5391 nummuhrio
2643 5312 2857 5401 Buu„
2910 5328 2977 5389 at
3024 5315 3362 5390 diversum
3412 5329 3733 5393 stromate
3781 5345 3932 5392 cum
3983 5317 4254 5389 matrice
4282 5317 4511 5412 (etiam
