4984 6517
3468 528 3634 617 361

778 743 1027 818 Fucus
1080 741 1396 817 radiatus
1458 743 1681 815 Turn.
1738 742 1926 817 Hist.
1981 742 2237 818 Fucor.
2292 772 2357 818 n.
2411 752 2554 821 154.

777 893 1137 971 Ecklonia
1187 893 1461 968 radiata
1511 895 1581 967 J.
1638 896 1779 992 Ag.
1829 898 1873 969 l.
1911 926 1967 970 c.

578 1046 636 1121 b.
692 1045 944 1147 Stipite
996 1045 1575 1145 3-16-pollicari,
1631 1046 1897 1121 lamina
1941 1045 2283 1145 primaria
2313 1046 2716 1148 angustiori
2743 1044 3196 1147 longissima,
3234 1047 3474 1149 pinnis
3506 1075 3736 1154 angu-

694 1163 1041 1238 stioribus
1094 1163 1325 1265 magis
1377 1163 1679 1238 remotis
1728 1162 2300 1239 horizontalibus
2353 1163 2802 1267 marginibus
2847 1164 2972 1238 vix
3024 1164 3636 1241 incumbentibus,

776 1313 1133 1390 Ecklonia
1187 1314 1673 1391 Richardiana
1727 1318 1797 1388 J.
1849 1319 1989 1412 Ag.
2047 1319 2090 1390 l.
2144 1347 2198 1391 c.
2238 1346 2320 1418 p.
2378 1324 2517 1393 147.

772 1468 1047 1544 Forma
1099 1498 1166 1543 a.
1215 1468 1310 1543 ad
1354 1467 1593 1544 littora
1643 1494 1879 1570 prope
1931 1467 2250 1569 Sidney3
2318 1468 2376 1543 b.
2428 1471 2525 1543 ad
2578 1491 2784 1541 oram
2835 1467 3226 1542 australem
3256 1465 3331 1544 in
3363 1468 3525 1543 sinu
3557 1471 3735 1544 Port

479 1584 754 1686 Phillip.

779 1737 921 1813 Vix
970 1740 1112 1813 aliis
1171 1743 1348 1813 notis
1404 1740 1715 1814 differunt
1758 1740 1884 1813 hae
1941 1740 2214 1827 formae,
2270 1766 2468 1839 quam
2510 1741 2697 1840 quod
2749 1743 2814 1814 in
2844 1769 2909 1813 a.
2946 1742 3184 1813 lamina
3213 1741 3528 1840 primaria
3548 1737 3743 1810 valde

476 1873 580 1933 est
650 1859 879 1931 brevis
945 1871 1014 1932 et
1092 1860 1483 1957 praesertim
1535 1859 1598 1929 in
1660 1857 2067 1931 latitudinem
2123 1858 2542 1957 expanditur,
2596 1885 2731 1956 quo
2787 1859 2860 1931 fit
2911 1871 2983 1930 ut
3035 1861 3279 1958 pinnae
3336 1856 3530 1930 valde
3579 1882 3745 1928 con·

475 1978 842 2051 densentur
893 1987 960 2048 et
1007 1989 1294 2075 propter
1345 1977 1716 2073 angustiam
1771 1977 1899 2049 loci
1954 1980 2342 2075 arriguntur,
2399 2002 2536 2073 quo
2589 1979 2736 2075 ipsa
2782 1977 3043 2075 planta,
3080 1978 3359 2060 laminae
3389 1976 3745 2074 primariae

474 2096 901 2192 vegetatione
950 2120 1304 2191 supressa,
1360 2092 1500 2167 fere
1551 2093 1835 2191 palmata
1888 2094 2183 2179 videtur,
2234 2106 2341 2167 est
2387 2106 2607 2166 tamen
2663 2120 2734 2167 re
2786 2120 2945 2167 vera
2971 2096 3238 2167 minime
3275 2095 3586 2192 palmata,
3615 2088 3741 2163 sed

474 2239 634 2286 vere
660 2214 947 2310 pinnata.
1032 2209 1302 2284 Crescit
1328 2212 1471 2283 sine
1512 2210 1720 2283 dubio
1770 2214 1832 2284 in
1888 2213 2213 2285 similibus
2269 2213 2468 2295 locis,
2520 2215 2584 2283 in
2643 2213 2889 2310 quibus
2943 2211 3127 2311 apud
3176 2238 3305 2284 nos
3359 2207 3741 2281 Laminaria

475 2330 743 2427 digitata
774 2331 837 2401 in
875 2327 1152 2401 sormam
1209 2329 1540 2400 latifoliam
1589 2331 1726 2401 abit
1804 2374 1897 2385 —
1942 2328 2021 2403 In
2072 2329 2286 2403 forma
2339 2328 2398 2402 b.
2453 2332 2666 2430 stipes
2714 2343 2896 2403 teres
2948 2327 3477 2427 sesquipedalis,
3535 2330 3740 2398 immo

474 2447 696 2521 forsan
746 2446 1105 2545 bipedalis,
1156 2447 1392 2519 lamina
1441 2449 1751 2544 primaria
1803 2450 1979 2542 (sive
2033 2448 2338 2540 rachide)
2385 2451 2697 2520 continua
2755 2450 3184 2546 vegetatione
3210 2446 3542 2543 elongata,
3578 2443 3743 2515 1-3-

475 2563 765 2664 pedalis,
846 2565 1244 2663 plerumque
1330 2565 1791 2664 13-3-pollicis
1865 2566 2023 2648 lata;
2109 2566 2384 2637 laciniae
2462 2565 2617 2663 plus
2668 2568 2883 2638 minus
2943 2576 3264 2650 remotae,
3321 2563 3536 2636 saltim
3594 2562 3738 2634 basi

478 2683 886 2781 marginibus
959 2708 1297 2781 nunquam
1376 2684 1937 2756 incumbentibus.
2042 2679 2465 2780 Superficies
2541 2685 2889 2781 utriusque
2964 2682 3221 2755 formae
3295 2682 3505 2753 variat
3561 2705 3742 2751 nune

476 2802 715 2886 laevis,
769 2826 947 2872 nunc
998 2801 1281 2899 pulchre
1343 2802 1911 2900 rugoso-plicata,
1966 2803 2236 2873 omnino
2268 2803 2425 2872 utin
2455 2798 2987 2902 Macrocystidis
3035 2826 3321 2899 genere3
3375 2798 3499 2872 sed
3521 2797 3648 2870 hac
3672 2799 3736 2869 in

476 2946 548 2993 re
602 2919 774 2991 nulla
829 2918 1147 3016 specifica
1206 2918 1591 2993 differentia.

1368 3088 1671 3164 XXVII.
1758 3084 2427 3164 LAMINARIA
2497 3090 2834 3163 Lamour.

884 3231 943 3302 1.
1026 3229 1479 3305 Lamianus
1531 3251 1870 3304 Panna
1933 3231 2136 3304 Grev.
2198 3273 2290 3289 -
2341 3234 2412 3305 J.
2463 3234 2602 3330 Ag.
2660 3235 2703 3306 l.
2757 3262 2813 3306 c.
2844 3260 2929 3331 p.
2979 3237 3121 3305 154.

769 3373 853 3447 In
901 3372 1063 3448 sinu
1114 3373 1459 3448 Tabulari
1501 3373 1859 3449 Ecklonia
1904 3373 2264 3450 buccinali
2311 3376 2439 3450 vix
2485 3376 2721 3450 rarior
2765 3384 2838 3450 et
2884 3374 3189 3474 copiose
3230 3370 3306 3445 in
3352 3368 3588 3443 littora
3636 3366 3729 3441 ab

472 3491 681 3567 undis
730 3493 987 3589 ejecta.

773 3624 1195 3700 Laminariae
1271 3625 1586 3726 digitatae
1662 3632 1955 3702 omnium
2037 3631 2342 3728 proxima
2400 3640 2469 3703 et
2524 3630 2610 3701 ab
2662 3656 2739 3703 ea
2800 3631 2908 3702 vix
2962 3629 3085 3701 nisi
3135 3627 3418 3699 maxime
3466 3621 3736 3695 evoluta

468 3759 607 3820 tute
661 3743 1156 3843 dignoscenda;
1216 3744 1348 3818 hoc
1419 3749 1484 3819 in
1541 3760 1715 3820 statu
1770 3747 1987 3821 differt
2039 3749 2264 3846 stipite
2319 3771 2585 3820 sursum
2641 3759 2980 3821 attenuato
3037 3759 3105 3819 et
3159 3741 3733 3843 rugoso—sulcato.

473 3863 763 3938 Ceterae
821 3874 1052 3945 notae,
1107 3862 1361 3935 scilicet
1409 3864 1601 3937 color
1653 3865 1932 3940 laminae
1980 3865 2297 3965 pallidus,
2351 3868 2687 3964 margines
2715 3868 3181 3962 nigrescentes
3217 3874 3419 3960 atque
3452 3869 3734 3958 puncta,

469 3984 715 4082 quibus
764 4006 1137 4078 conspersa
1190 3991 1293 4053 est
1349 4007 1592 4078 saepe,
1666 4002 1819 4057 sunt
1884 3985 2024 4057 sere
2079 3983 2552 4058 accidentales
2656 3980 2733 4054 ln
2789 3982 3275 4081 speciminibus
3327 3978 3735 4076 junioribus,

465 4100 721 4173 formae
765 4099 1106 4195 oblongae
1154 4099 1486 4196 apiceque
1519 4100 1712 4185 fissis,
1741 4105 1953 4201 stipes
1981 4104 2234 4201 ubique
2264 4101 2595 4201 aequalis,
2632 4126 2840 4198 quare
2870 4100 3040 4174 haec
3081 4100 3447 4199 specimina
3478 4097 3732 4190 juniora

464 4216 885 4291 Laminariae
939 4216 1254 4313 digitatae
1309 4216 1457 4309 (cl'r.
1512 4214 1847 4292 Laminar.
1898 4220 2210 4320 pallidam
2259 4220 2447 4293 Kritz
2503 4219 2629 4318 Sp.
2674 4246 2759 4317 p.
2817 4223 2949 4292 574
2999 4231 3065 4289 et
3126 4212 3729 4315 Hafgygiamdigi-

467 4350 665 4407 tatam
720 4363 868 4406 var.
918 4334 1499 4406 membranaceam
1552 4337 1747 4408 Isie'tz
1802 4338 1845 4409 l.
1904 4366 1960 4410 c.
2004 4366 2083 4437 p.
2141 4342 2297 4421 577,
2345 4364 2625 4436 quarum
2656 4336 2826 4410 haec
2856 4349 2961 4408 est
2989 4335 3195 4407 forma
3230 4331 3534 4430 juvenilis
3558 4329 3731 4400 illius

466 4455 753 4552 speciei:
843 4451 978 4523 duo
1053 4454 1251 4550 igitur
1323 4452 1628 4547 ejusdem
1711 4456 1972 4553 plantae
2046 4458 2410 4554 specimina
2474 4456 2759 4528 diversis
2816 4453 3245 4525 adnumerata
3301 4447 3730 4548 generibusl)

466 4571 655 4644 facile
706 4571 937 4643 haberi
991 4579 1296 4668 possunt.
1353 4612 1447 4628 --
1499 4567 1887 4668 Specimina
1944 4573 2204 4645 mediae
2257 4574 2758 4671 magnitudinis,
2812 4574 2876 4643 in
2924 4572 3168 4669 quibus
3221 4570 3433 4669 stipes
3464 4569 3726 4666 apicem

467 4717 704 4763 versus
755 4688 1054 4761 nondum
1110 4690 1454 4786 insigniter
1503 4701 1608 4761 est
1659 4702 2034 4763 attenuatus
2077 4704 2144 4762 et
2165 4703 2409 4789 puncta
2439 4692 2540 4762 illa
2572 4704 2641 4764 et
2670 4693 3003 4788 margines
3029 4692 3491 4786 nigrescentes
3519 4710 3730 4783 saepe.

469 4811 680 4880 minus
728 4819 884 4879 sunt
935 4807 1340 4904 conspicua,
1396 4808 1687 4905 vulgaris
1742 4804 2159 4881 Laminariae
2214 4810 2527 4907 digitatae
2577 4810 2808 4883 formis
2862 4822 2993 4881 tam
3049 4807 3279 4878 similia
3342 4816 3628 4890 sunt,ut
3663 4807 3729 4876 in

467 4928 776 5000 herbario
841 4927 978 5010 vix,
1032 4926 1154 4996 nisi
1212 4924 1364 4995 loco
1421 4926 1613 4997 natali
1671 4925 2049 5025 adscriptO,
2105 4927 2603 5025 dignoscantur.
2683 4926 2957 4999 Nullam
3007 4938 3229 4998 autem
3285 4923 3728 4995 Laminariam

468 5044 921 5118 saccharinam
975 5054 1088 5114 aut
1134 5038 1580 5115 Laminariam
1658 5045 1995 5143 digitatam
2053 5044 2137 5117 ad
2201 5042 2427 5144 Caput
2478 5047 2638 5118 bon.
2692 5048 2842 5143 spei
2897 5070 3246 5130 crescere,
3318 5043 3517 5115 nobis
3573 5066 3728 5139 per-

468 5164 924 5236 suasissimum
980 5172 1102 5234 est.
1210 5158 1506 5245 OmneS,
1588 5190 1756 5260 quas
1840 5163 2069 5237 harum
2149 5165 2532 5237 nominibus
2593 5166 2890 5262 signatas
2943 5163 3193 5235 formas
3248 5188 3333 5235 ex
3385 5159 3518 5230 hoc
3571 5158 3726 5228 loeo

464 5281 780 5364 vidimus,
833 5279 918 5351 ad
972 5276 1054 5350 L.
1113 5277 1421 5379 pallidam
1476 5282 1826 5377 pertinent.
