4984 6517
1382 609 1554 696 368

1572 816 1701 893 Ad
1747 816 1989 893 littora
2038 816 2465 917 Europaea,
2514 817 2590 894 in
2644 818 2824 893 mari
2875 817 3138 906 rubro,
3188 817 3285 893 ad
3339 842 3546 895 oram
3597 818 4138 896 Brasiliensem.

1568 958 1981 1036 Praesertim
2037 963 2370 1036 exsiccata
2426 974 2608 1036 tactu
2661 975 2730 1036 et
2780 965 2928 1036 visu
2977 965 3338 1038 sublaevis.
3442 961 3727 1038 Utriculi
3783 990 3984 1062 quam
4055 966 4121 1036 in
4201 968 4546 1063 sequenti-

1266 1080 1399 1153 bus
1451 1080 1885 1154 varietatibus
1937 1081 2265 1167 minores,
2320 1081 2516 1179 apice
2570 1077 2935 1167 rotundati,
2994 1107 3333 1179 nunquam
3387 1093 3589 1181 septo
3639 1084 4065 1157 transversali
4120 1085 4182 1154 in
4233 1083 4541 1155 cellulam

1266 1197 1593 1294 apicalem
1649 1196 2089 1270 lentil'ormem
2136 1196 2356 1285 divisi,
2407 1224 2813 1297 quamquam
2880 1200 2935 1271 si
2974 1199 3239 1271 incaute
3298 1200 3472 1272 inter
3516 1199 3685 1272 duas
3732 1200 4007 1274 laminas
4057 1202 4300 1274 vitreas
4355 1227 4540 1273 com-

1264 1315 1635 1412 primantur
1684 1314 1723 1386 Ι.
1780 1312 2079 1386 nondum
2134 1340 2307 1412 aqua
2368 1314 2638 1390 distenti
2675 1316 3144 1402 observentur,
3185 1317 3405 1389 existit
3439 1316 3614 1414 plica
3647 1319 4113 1403 membranae,
4146 1343 4347 1417 quam
4378 1344 4540 1417 sep-

1268 1442 1407 1503 tum
1460 1429 1652 1503 facile
1701 1432 1979 1505 habeas.

1364 1586 1427 1667 β.
1486 1602 1811 1674 capeme:
1861 1570 2081 1647 thallo
2137 1597 2373 1673 usque
2424 1570 2667 1672 pedali
2721 1569 3183 1659 dichotomo,
3239 1580 3456 1646 extus
3510 1570 3746 1646 dense
3795 1571 4312 1659 verruculoso,
4368 1574 4542 1647 utri-

1488 1690 1670 1765 culis
1722 1687 2242 1790 periphaericis
2292 1714 2390 1763 ex
2443 1689 2655 1790 apice
2706 1686 3473 1765 rotundato-obovatis
3520 1714 3758 1791 usque
3804 1696 3933 1788 2⁴52!
3983 1688 4221 1790 longis
4269 1699 4344 1764 et
4381 1690 4545 1789 plus

1492 1832 1711 1908 quam
1763 1813 1893 1907 με
1943 1806 2101 1882 latis
2149 1805 2574 1908 simpliibus.

1567 1949 1695 2025 Ad
1749 1951 1983 2050 Caput
2028 1948 2275 2025 bonae
2322 1948 2516 2049 spei,
2563 1946 3171 2049 frequentissime.

1572 2087 1750 2164 Cod.
1806 2093 2168 2164 tomentosi
2214 2125 2275 2162 α.
2328 2090 2784 2190 magnitudine
2860 2117 3191 2190 aequans,
3268 2092 3393 2166 sed
3447 2096 3768 2168 siccatum
3816 2107 4012 2169 extus
4069 2094 4421 2169 evidenter
4471 2109 4540 2168 et

1264 2202 1665 2279 densissime
1733 2204 1915 2280 nudo
1973 2207 2172 2280 oculo
2226 2210 2757 2283 verruculosum.
2861 2206 3149 2282 Utriculi
3201 2211 3622 2298 membrana,
3677 2237 3875 2309 quam
3919 2215 3982 2285 in
4036 2213 4246 2312 priori
4298 2212 4541 2297 forma,

1264 2320 1468 2419 longe
1518 2326 1833 2397 crassiori
1891 2325 2279 2398 constructi.
3381 2321 3392 2332 ”

1362 2502 1416 2558 7.
1471 2467 2101 2541 australasiacum:
2173 2463 2394 2540 thallo
2473 2488 2708 2567 usque
2781 2463 3194 2565 2-3-peda1i
3280 2465 3712 2568 regulariter
3788 2464 4248 2550 dichotomo,
4320 2477 4539 2540 extus

1480 2581 1710 2656 dense
1792 2581 2308 2668 verruculoso,
2389 2581 2712 2656 utriculis
2788 2579 3308 2682 periphaericis
3360 2583 3569 2683 apice
3620 2581 4314 2657 mamillaeformiter
4359 2607 4536 2656 con-

1480 2698 1724 2774 tractis
1776 2696 2469 2801 oblongo-cuneatis
2529 2722 2763 2801 usque
2815 2705 2942 2800 μ’
2995 2698 3235 2802 longis
3287 2710 3362 2775 et
3410 2699 3574 2801 plus
3627 2724 3844 2801 quam
3901 2706 4061 2802 ,ἔδεε
4115 2699 4279 2774 latis
4329 2699 4534 2799 apice

1480 2825 1692 2916 septo
1746 2813 2013 2890 divisis.

1564 2954 1692 3030 Ad
1743 2980 1951 3030 oram
2003 2954 2260 3030 Novae
2310 2954 2749 3030 Hollandiae
2799 2954 3186 3030 australem
3241 2955 3687 3057 frequenter.

1564 3097 1763 3172 Haec
1820 3126 1903 3173 ex
1959 3100 2273 3172 omnibus
2349 3099 2580 3173 formis
2657 3102 3065 3200 longissima.
3169 3098 3454 3173 Thallus
3520 3112 3714 3173 extus
3786 3099 3988 3171 oculo
4059 3095 4240 3168 nudo
4303 3122 4529 3167 verru-

1261 3217 1570 3303 culosus,
1621 3243 1820 3315 quam
1874 3229 2098 3289 notam
2154 3243 2306 3289 cum
2361 3218 2669 3316 proxime
2719 3217 3163 3291 antecedente
3213 3243 3638 3290 communem
3691 3216 3928 3302 habet,
3976 3240 4268 3311 semper,
4324 3237 4532 3311 quan·

1260 3345 1401 3406 tum
1455 3331 1620 3420 vidi,
1672 3334 2069 3432 regulariter
2118 3334 2568 3409 dichotomus.
2674 3331 2962 3408 Utriculi
3018 3359 3217 3431 quam
3268 3337 3334 3405 in
3388 3332 3941 3406 antecedentibus
3970 3331 4174 3429 longe
4206 3332 4531 3425 majores,

1261 3451 1651 3524 normaliter
1693 3453 1890 3550 apice
1948 3451 2696 3538 submamillaesormes,
2748 3451 3032 3523 mamilla
3081 3462 3187 3524 est
3237 3475 3485 3548 nempe
3533 3475 3711 3547 apex
3743 3451 3958 3547 ipsius
3985 3448 4279 3532 utriculi,
4329 3458 4526 3544 septo

1262 3568 1688 3640 transversali
1765 3569 1853 3640 ab
1930 3568 2214 3641 utriculo
2267 3567 2597 3654 seclusus,
2648 3569 2688 3640 i.
2744 3594 2802 3641 e.
2854 3569 2919 3639 in
2974 3569 3170 3666 apice
3222 3567 3481 3639 utriculi
3536 3565 3864 3640 divisione
3917 3578 4149 3640 exorta
4198 3575 4307 3637 est
4356 3588 4523 3634 nova

1262 3684 1498 3757 cellula
1551 3683 1976 3771 lentisormis,
2031 3686 2207 3757 intus
2258 3685 2555 3783 granulis
2605 3673 3157 3786 chlorophyllinis
3212 3682 3425 3757 dense
3477 3684 3852 3782 compactis
3890 3682 4228 3779 telamque
4271 3679 4522 3752 cellulis

1261 3804 1668 3873 tenuissimis
1723 3802 1912 3898 quasi
1967 3812 2421 3874 constructam
2476 3802 2950 3875 mentientibus
2999 3802 3260 3874 vestita.
3361 3796 3536 3871 Tale
3589 3810 3857 3897 septum
3909 3801 3974 3870 in
4031 3797 4340 3896 apicibus
4366 3798 4519 3867 utri-

1263 3916 1566 3988 culorum
1619 3916 2241 4016 periphaericorum
2289 3919 2355 3991 in
2408 3920 2749 4017 prioribus
2801 3918 3031 3991 formis
3081 3943 3421 4016 nunquam
3475 3915 3630 3988 vidi.

2457 4117 2800 4193 XXXIV.
2886 4116 3193 4192 ULVA
3247 4117 3338 4190 L.

1568 4277 1880 4365 Genera,
1933 4280 2204 4376 species
2258 4280 2531 4351 limitata
2585 4280 2999 4353 difficillimas
3052 4278 3591 4378 complectentia,
3623 4278 3710 4349 ab
3747 4277 3888 4349 aliis
3924 4274 4317 4347 auctoribus
4345 4272 4524 4344 aliter

1257 4398 1506 4494 exponi
1559 4396 1813 4480 solent3
1866 4397 1970 4467 alii
2022 4398 2197 4469 enim
2258 4394 2510 4469 formas
2556 4398 2752 4484 etiam
2807 4396 3179 4468 levissimas
3218 4394 3304 4466 ad
3344 4397 3727 4494 specierum
3787 4392 4172 4490 dignitatem
4229 4387 4518 4462 evehere

1257 4525 1600 4599 conantur,
1683 4513 1786 4584 alii
1838 4525 2068 4585 contra
2123 4514 2396 4611 species
2448 4538 2612 4585 vere
2666 4511 2968 4585 diversas
3029 4515 3093 4585 in
3156 4539 3352 4585 unam
3407 4514 3842 4609 conjungunt.
3949 4505 4267 4605 Utroque.
4320 4503 4520 4576 modo

1255 4631 1386 4727 ipsi
1442 4631 1535 4701 rei
1590 4656 1826 4727 parum
1881 4629 2269 4709 consulitur,
2321 4642 2392 4702 et
2440 4643 2731 4728 peccant
2782 4629 3066 4726 utrique.
3171 4625 3467 4725 Species
3521 4654 3730 4726 saepe
3784 4628 3986 4723 longe
4033 4624 4348 4696 meliores
4375 4634 4524 4693 sunt

1258 4769 1457 4842 quam
1502 4758 1729 4819 nostra
1782 4746 1871 4819 de
1921 4748 2001 4820 iis
2044 4748 2377 4842 cognitio,
2432 4772 2640 4843 quae,
2686 4748 2741 4817 si
2795 4745 2962 4817 levis
3015 4748 3130 4830 sit,
3183 4745 3264 4816 ad
3299 4744 3809 4843 conjungendas
3850 4742 4100 4814 formas
4127 4764 4401 4837 semper
4425 4750 4528 4810 est

1258 4864 1618 4959 aptissima.
1724 4860 1947 4936 Ulvae
2000 4865 2270 4961 species
2318 4865 2383 4935 in
2437 4864 2734 4935 maribus
2788 4859 3297 4934 Scandinavicis
3327 4873 3752 4945 crescentes,
3790 4860 3991 4931 certis
4022 4856 4524 4930 characteribus

1256 5005 1297 5051 e
1350 4982 1653 5052 sectione
1706 4979 2131 5052 transversali
2187 4979 2362 5051 thalli
2408 4983 2695 5078 ejusque
2753 4980 3053 5051 crassitie
3107 4977 3502 5076 depronntis,
3553 4981 3616 5050 in
3669 4974 3888 5077 Phyc.
3944 4973 4197 5048 Scand.
4247 4975 4522 5044 limitare

1254 5120 1402 5165 sum
1453 5107 1767 5177 conatus,
1822 5121 1990 5193 quas
2040 5097 2236 5167 etiam
2292 5100 2353 5166 in
2406 5109 2636 5167 natura
2693 5095 2918 5167 denuo
2973 5096 3373 5167 observatas
3400 5119 3678 5192 semper
3700 5103 4093 5167 constantes
4125 5091 4515 5161 invenimus.

1258 5254 1350 5268 —
1386 5208 1561 5283 Ulva
1614 5211 1887 5286 sordida
1935 5210 2259 5296 Aresch.,
2312 5225 2629 5284 constans
2671 5214 2975 5309 species,
3026 5225 3131 5284 est
3184 5214 3455 5283 omnino
3515 5208 3688 5283 Ulva
3739 5210 3926 5282 fusca
3978 5206 4174 5280 Post.
4203 5221 4273 5278 et
4295 5204 4515 5303 Rupr.

1254 5342 1411 5400 tunc
1464 5332 1790 5427 temporis
1845 5329 1999 5401 mihi
2038 5330 2394 5426 incognita.
2502 5326 2892 5427 Specimina
2946 5327 3144 5423 hujus
3193 5329 3462 5426 plantae
3511 5354 3552 5400 e
3606 5330 3766 5400 mari
3820 5323 4200 5398 Ochotensi
4251 5335 4320 5395 et
4377 5319 4519 5393 Ba-
