4984 6517
3599 600 3710 686 29

872 815 955 890 ln
999 812 1234 891 insula
1285 814 1386 891 St.
1443 812 1775 891 'rhomae
1789 874 1809 903 ,
1858 811 2276 891 Novembri.
2390 801 2659 891 Orsaei.
2715 826 2798 890 ic.
2851 820 2916 906 7,
2967 826 3028 892 8.

872 959 1005 1034 Est
1054 987 1094 1035 e
1148 964 1356 1062 stirpe
1436 960 1956 1060 Cycladeorum,
2033 964 2326 1036 omnium
2392 960 2898 1061 pulcherrimus.
3007 959 3242 1061 Stipes
3297 988 3337 1035 e
3399 960 3546 1033 basi
3613 961 3818 1058 longe

773 1087 931 1178 (nec
982 1082 1247 1182 crasse)
1326 1082 1710 1154 ventricosa
1784 1082 2031 1155 sensim
2085 1093 2460 1154 attenuatus
2515 1081 2802 1177 (inferne
2853 1089 2927 1170 3,
2988 1083 3181 1180 apice
3234 1084 3262 1153 »l
3319 1079 3426 1152 lin.
3479 1081 3822 1178 crassus),

777 1200 1162 1288 subulatus,
1214 1207 1399 1272 2--3
1442 1225 1593 1272 unc.
1648 1200 1922 1299 longus,
1974 1202 2193 1300 primo
2247 1200 3097 1300 Romulum-squamosus,
3146 1199 3300 1274 dein
3350 1196 3601 1287 nudus,
3654 1198 3820 1269 albi-

781 1316 939 1406 dus,
985 1317 1242 1393 inferne
1294 1344 1502 1418 saepe
1537 1318 1909 1404 coloratus,
1961 1318 2334 1392 rubescens
2383 1319 2422 1391 l.
2472 1319 2843 1393 lusescens.
2947 1316 3259 1391 Annulus
3322 1318 3637 1415 exiguus,
3699 1315 3825 1389 sed

771 1438 1062 1535 integer,
1118 1448 1354 1511 exacte
1403 1435 1665 1510 medius
1717 1449 1787 1511 et
1838 1437 2228 1535 persistens.
2329 1434 2567 1511 Pileus
2629 1438 2933 1511 excarnis
2983 1449 3051 1512 et
3101 1436 3508 1535 fragillimus,
3560 1461 3814 1534 expan-

766 1581 882 1627 sus
930 1555 1204 1629 uncialis
1270 1568 1339 1629 et
1378 1555 1585 1642 ultra,
1632 1554 1929 1641 albidus,
1981 1556 2235 1628 vertice
2292 1557 2739 1631 cinerascens.

602 1716 665 1779 2.
776 1707 1166 1783 commus
1212 1726 1687 1782 temnus.
1740 1701 1982 1804 Epicr.
2040 1728 2109 1803 p.
2164 1711 2311 1782 252.

871 1851 954 1926 ln
1010 1850 1245 1926 insula
1295 1850 1396 1925 St.
1454 1846 1817 1935 Thomae,
1869 1845 2026 1922 Ind.
2081 1847 2314 1922 occid.
2369 1847 2555 1923 NoV.

604 2003 667 2069 3.
734 1993 1165 2070 Cornutus
1216 2015 1655 2068 nucarum.
1756 1989 1998 2092 Epicr.
2053 2015 2123 2091 p.
2176 1999 2320 2065 252.

868 2130 998 2208 Ad
1044 2128 1534 2233 Morningstar
1582 2128 1862 2204 insulae
1917 2128 2016 2204 St.
2076 2127 2350 2204 Crucis,
2405 2128 2569 2204 Oct.

874 2278 1040 2354 Icon
1116 2266 1302 2352 Orst.
1345 2308 1409 2353 n.
1486 2285 1527 2352 4
1579 2281 1802 2379 stipite
1857 2280 2141 2379 longiori
2192 2291 2261 2353 et
2303 2279 2461 2378 pilei
2515 2280 2745 2353 habitu
2800 2307 2838 2352 a
2890 2291 3124 2353 nostro
3178 2276 3469 2366 recedit,
3539 2289 3607 2350 at
3658 2302 3816 2377 spe·

770 2400 986 2473 cimen
1034 2400 1100 2471 in
1151 2399 1312 2497 spir.
1362 2399 1493 2473 vini
1544 2399 1723 2474 bene
1777 2410 2248 2473 conservatum
2305 2426 2459 2471 cum
2508 2395 2881 2498 Europaeo
2932 2411 3168 2473 exacte
3231 2398 3559 2496 congruit.

607 2552 671 2618 b.
718 2519 727 2528 Ι
781 2539 1171 2620 commus
1235 2601 1648 2632 .......
1726 2545 1922 2646 pileo
1994 2544 2707 2621 submembranaceo
2786 2542 3560 2646 cylindrico-oblongo
3633 2539 3818 2614 laevi

770 2661 1098 2749 cinereo,
1156 2662 1429 2737 vertice
1478 2661 1682 2750 albo,
1729 2663 1968 2765 stipite
2013 2660 2306 2739 solido?
2379 2662 2588 2739 brevi
2664 2662 2948 2752 albido,
3026 2661 3333 2739 lamellis
3386 2658 3816 2764 aequalibus

771 2778 1459 2856 coerulescentibus.

869 2924 995 3001 Ad
1044 2934 1346 3001 truncos
1397 2924 1750 3023 Naranjo,
1804 2922 2027 3023 Majo.
2140 2912 2327 3002 ὄφει.
2378 2937 2463 3002 ic.
2522 2956 2589 3001 n.
2645 2936 2744 3003 12.

870 3066 1000 3141 Sat
1042 3070 1350 3169 insignis,
1394 3082 1464 3142 at
1513 3069 1810 3143 nondum
1868 3071 1991 3142 rite
2046 3070 2390 3158 evolutus,
2448 3069 2605 3143 hinc
2660 3096 2796 3144 non
2854 3069 3291 3145 definiendus.

1547 3247 2164 3325 Hmnopnomss.
2268 3248 2510 3349 Epicr.
2560 3274 2629 3349 p.
2685 3256 2828 3325 320.

620 3396 677 3462 Ι.
783 3387 925 3462 H?
975 3409 1496 3475 vAmotosus,
1551 3384 1748 3488 pileo
1808 3412 2125 3462 carnoso
2177 3412 2523 3464 convexo
2591 3386 2777 3462 laevi
2854 3385 3111 3489 glabro
3161 3382 3437 3485 griseo,
3490 3378 3819 3482 margine

768 3504 1129 3591 involuto,
1187 3504 1359 3581 dein
1412 3505 1622 3581 fusco
1672 3503 1974 3580 maculis
2028 3504 2363 3581 farinosis
2416 3505 2602 3581 albis
2652 3505 3061 3606 variegato,
3116 3499 3351 3602 stipite
3398 3497 3637 3574 solido
3666 3495 3817 3600 gla-

770 3622 911 3699 bro
966 3622 1137 3698 albo
1160 3683 1179 3711 ,
1233 3622 1543 3700 lamellis
1593 3622 1876 3699 adnatis
1929 3622 2355 3700 distantibus
2396 3624 2707 3699 ramosis
2757 3616 3576 3723 alboglaucescentibus.

876 3768 999 3843 Ad
1057 3766 1708 3864 Quebradahonda
1762 3767 1833 3844 in
1897 3771 2120 3845 Costa
2169 3769 2378 3857 Rica,
2433 3770 2529 3845 ad
2580 3779 2867 3846 terram.
2980 3754 3168 3842 Orst.
3218 3777 3301 3840 ic.
3358 3794 3425 3839 n.
3477 3769 3589 3839 27.

871 3910 1121 3986 Nullus
1178 3914 1406 4002 adest,
1451 3940 1602 3986 cum
1657 3939 1793 4015 quo
1840 3929 2303 4016 comparetur3
2355 3942 2580 4015 neque
2625 3943 2710 3990 ex
2754 3919 2988 4004 icone,
3038 3940 3168 3988 nec
3219 3911 3304 3984 ad
3353 3912 3605 4011 optima
3658 3935 3818 4008 spe·
3911 3927 3922 3938 ·

776 4034 1046 4117 cimina,
1118 4032 1186 4103 in
1233 4059 1338 4130 sp.
1391 4034 1523 4105 vini
1594 4046 1888 4122 servata,
1958 4035 2160 4133 plene
2235 4061 2453 4133 genus
2506 4061 2745 4108 eruere
2797 4034 2970 4107 licet.
3108 4027 3364 4104 Habitu
3423 4042 3492 4103 et
3542 4026 3821 4101 lamellis

769 4150 854 4223 ad
900 4147 992 4222 H.
1047 4162 1549 4246 unguinosum,
1608 4163 2083 4224 murinae-eum
2134 4152 2406 4252 quidem
2466 4152 2759 4240 accedit,
2811 4150 2937 4224 sed
2987 4151 3206 4250 pileus
3246 4151 3359 4223 vix
3394 4145 3690 4220 viscidus
3723 4188 3817 4201 -

771 4281 839 4340 et
885 4267 1047 4368 quid
1099 4270 1230 4343 sint
1283 4270 1549 4344 soredia
1601 4271 1750 4343 alba
1808 4270 2378 4360 maculaesormia,
2429 4273 2727 4370 squamis
2772 4268 3234 4343 Amanitarum
3292 4267 3556 4355 similia,
3602 4267 3668 4337 in
3715 4266 3820 4365 pi-

775 4389 881 4461 leo
930 4387 1420 4462 efflorescentia
1491 4388 1659 4487 (non
1719 4385 2029 4462 Mucedo
2080 4389 2435 4489 parasitica
2447 4391 2499 4489 l)
2546 4402 2615 4463 et
2667 4416 2707 4463 e
2759 4400 2914 4462 cute
2969 4391 3160 4487 quasi
3211 4386 3501 4462 relaxata
3574 4383 3820 4456 forma-

770 4520 865 4595 ta,
918 4533 1054 4580 nou
1103 4508 1323 4605 capio.
1425 4503 1663 4606 Stipes
1716 4506 2012 4596 solidus,
2062 4535 2102 4582 e
2153 4509 2302 4582 basi
2353 4512 2720 4582 incrassata
2794 4507 3032 4580 leviter
3083 4517 3492 4592 attenuatus,
3542 4506 3615 4602 l}
3664 4528 3818 4575 unc.

768 4626 1043 4724 longus,
1097 4633 1141 4698 2
1190 4626 1298 4699 lin.
1356 4627 1620 4699 circiter
1673 4652 1975 4714 crassus,
2051 4627 2402 4714 curvulus,
2481 4627 2737 4726 glaber.
2831 4621 3067 4699 Pileus
3120 4651 3281 4698 vere
3336 4648 3699 4707 carnosus,
3751 4634 3818 4691 at

770 4771 906 4816 non
958 4751 1393 4843 compactus,
1443 4745 1705 4820 unciam
1758 4743 1798 4815 l.
1852 4771 2090 4844 parum
2150 4745 2323 4819 ultra
2373 4746 2578 4834 latus,
2631 4746 3301 4831 bullato-convexus,
3369 4744 3667 4841 margine
3719 4743 3819 4813 in-

770 4861 980 4949 flexo;
1029 4865 1248 4962 primo
1312 4863 1559 4949 laevis,
1613 4862 1884 4960 glaber,
1931 4864 2232 4962 griseus;
2286 4863 2442 4939 dein
2492 4865 2725 4938 fuscus
2785 4862 3367 4937 albo-maculatus.
3474 4858 3820 4934 Lamellae

769 5006 853 5053 ex
896 4982 1093 5057 icone
1138 5008 1448 5057 ramosae
1499 4994 1569 5054 et
1615 4979 2065 5080 divergentes.

1188 5172 1710 5254 Srnom'rns.
1813 5173 2055 5277 Epicr.
2112 5202 2180 5279 p.
2240 5185 2380 5255 3⁴0.
2440 5177 2810 5286 Montagn.
2865 5182 2954 5259 ic.
3006 5182 3199 5260 ined.

594 5328 656 5398 1.
771 5322 848 5397 S.
906 5348 1403 5414 PAnAnoxUS,
1456 5323 1499 5402 l.
1551 5351 1612 5402 c.
1662 5324 1789 5402 ubi
1844 5326 2119 5427 speciei
2173 5327 2407 5406 descr.
