4984 6517
1374 526 1550 610 348

1265 739 1491 812 adhito
1549 739 1854 835 conspici
1921 735 2221 833 possint,
2304 741 2500 803 extus
2552 732 2615 802 in
2671 741 2947 804 stratum
3004 734 3321 807 corticale
3375 735 3652 833 oblique
3705 734 4096 812 desinentia.
4200 740 4318 815 An
4367 742 4544 816 haec

1267 858 1370 930 fila
1420 883 1507 930 ex
1556 853 1884 954 geniculis
1936 853 2136 925 seriei
2195 848 2508 923 centralis
2557 874 2745 921 suam
2798 849 3047 925 ducant
3096 854 3456 950 originem,
3492 852 3720 926 dicere
3744 881 3878 927 non
3909 857 4270 944 audemus,
4298 887 4542 958 quam-

1264 1002 1464 1076 quam
1521 974 1655 1046 hoc
1700 970 2081 1045 verosimile
2140 967 2459 1039 videatur.
2517 961 2819 1039 Stratum
2868 968 3186 1042 corticale
3238 981 3438 1042 tenue
3519 970 3774 1044 cellulis
3812 975 4544 1072 angulato-rotundatis

1265 1094 1654 1177 formatum,
1729 1089 1988 1161 filorum
2059 1085 2469 1159 verticalium
2525 1084 2918 1158 diametrum
2973 1113 3209 1185 parum
3265 1087 3788 1176 excedentibus,
3835 1096 4111 1166 materie
4172 1096 4538 1193 granulosa

1268 1213 1511 1284 farctis.

1570 1341 1635 1415 F
1640 1354 1832 1413 ructu
1884 1341 2155 1437 ignoto,
2225 1339 2331 1410 cui
2374 1336 2844 1412 Floridearum
2900 1336 3116 1410 ordini
3173 1339 3670 1414 adnumeranda
3729 1345 3811 1416 sit
3865 1342 4034 1416 haec
4085 1344 4310 1441 planta
4380 1372 4539 1418 cum

1265 1466 1532 1564 penitus
1596 1462 1935 1557 ignorem,
2011 1466 2298 1554 propter
2372 1467 2772 1528 structuram
2853 1469 2986 1528 tam
3040 1459 3382 1545 eximiam,
3462 1487 3713 1533 novum
3766 1462 4055 1533 formare
4108 1488 4327 1558 genus
4380 1463 4538 1535 mibi

1264 1605 1668 1656 concessum
1723 1573 1997 1648 credidi.
2100 1570 2292 1658 Hoc,
2345 1572 2617 1645 duobus
2667 1575 3050 1647 cellularum
3106 1579 3327 1649 stratis
3380 1590 3448 1650 et
3499 1581 3701 1650 ramis
3760 1578 4161 1651 verticillatis
4209 1581 4296 1652 ab
4347 1577 4536 1652 Pha-

1265 1701 1630 1794 celocarpo
1682 1694 2086 1777 distinctum,
2133 1715 2357 1790 prope
2412 1689 2592 1762 hunc
2644 1692 2858 1764 saltim
2911 1720 3039 1792 pro
3095 1706 3405 1794 tempore
3457 1695 3926 1769 collocandum
3976 1722 4132 1769 esse
4179 1696 4465 1770 videtur.

1542 1935 1565 1954 ‚
1679 1866 1740 1935 1.
1823 1862 2279 1935 Axosumos
2332 1881 2935 1937 vsnncius‘rus
2988 1863 3275 1935 Aresch.

1570 1995 1695 2071 Ad
1748 2018 1952 2068 oram
2005 1991 2261 2067 Novae
2313 1991 2751 2067 Hollandiae
2804 1993 3390 2080 meridionalem,
3439 1993 3513 2068 in
3560 1994 3724 2069 sinu
3776 1995 3956 2069 Port
4021 1995 4408 2072 Adelaide.

1574 2142 1804 2219 Callus
1858 2144 2165 2218 radicalis
2218 2143 2431 2216 deest.
2539 2143 2931 2244 Specimina
2980 2157 3210 2217 nostra
3258 2143 3714 2243 semipedalia.
3771 2141 4055 2217 Thallus
4081 2147 4285 2218 ruber
4319 2159 4537 2232 teres,

1263 2266 1564 2339 crassitie
1640 2262 1726 2334 fili
1803 2261 2139 2336 validioris
2218 2260 2453 2357 (Conf.
2511 2261 2914 2360 Melagonio
2970 2265 3080 2334 vix
3133 2264 3486 2356 crassior),
3543 2261 4394 2360 decomposito-ramosus,
4447 2262 4533 2333 ad

1265 2396 1483 2457 ortum
1534 2406 1868 2454 ramorum
1923 2379 2467 2479 ramulorumque
2526 2386 2686 2474 (nec
2736 2381 2922 2476 alibi)
2985 2382 3423 2465 constrictus,
3477 2379 3600 2452 sed
3652 2380 3878 2464 nullis,
3926 2392 4241 2478 quantum
4298 2379 4536 2464 video,

1262 2498 1880 2599 diaphragmatibus
1958 2510 2294 2595 septatus3
2379 2500 2541 2569 rami
2621 2498 2993 2596 ramulique
3041 2525 3194 2570 raro
3249 2499 3383 2571 bini
3432 2500 3762 2597 oppositi,
3813 2498 4220 2595 plerumque
4270 2500 4438 2571 terni
4492 2500 4534 2570 l.

1262 2618 1564 2716 quaterni
1620 2614 1983 2687 verticillati
2040 2627 2107 2687 et
2156 2642 2195 2688 e
2257 2616 2849 2688 constrictionibus
2903 2615 3079 2686 thalli
3129 2615 3590 2713 egredientes,
3667 2615 3755 2686 illi
3829 2618 4040 2714 magis
4112 2619 4386 2700 remoti,
4466 2617 4532 2687 hi

1260 2733 1732 2832 sesquilineam
1785 2734 2051 2805 circiter
2101 2732 2455 2818 distantes,
2519 2732 2642 2803 ¹-2
2693 2732 2901 2805 lineas
2935 2734 3140 2831 longi,
3193 2734 3566 2833 simplices,
3625 2733 4328 2819 attenuato-subulafi,
4387 2735 4532 2806 basi

1259 2877 1469 2950 saepe
1524 2854 1860 2923 attenuati.

1871 3033 2037 3110 XV.
2119 3032 2759 3109 EUCHEUMA
2812 3036 2882 3107 J.
2938 3034 3080 3129 Ag.
3132 3034 3176 3107 l.
3229 3063 3284 3107 c.
3339 3036 3462 3108 vol.
3515 3045 3577 3109 2.
3618 3063 3701 3136 p.
3756 3044 3904 3110 624.

1667 3187 1732 3255 1.
1807 3181 2252 3256 Euenum
2305 3202 2780 3255 nonnosum
2835 3176 3120 3251 Aresch.

1562 3312 1822 3389 Thallo
1877 3313 2220 3413 primario
2272 3314 2411 3387 ima
2457 3311 2619 3387 basi
2670 3311 2880 3387 tereti
2923 3334 3102 3384 mox
3156 3334 3588 3411 compresso
3645 3309 4528 3410 decomposito-pinnato,

1254 3427 1905 3531 pinnis'elongatis
1983 3430 2252 3507 ambitu
2304 3427 3013 3505 lineari-lanceolatis
3067 3427 3422 3528 oppositis
3475 3424 3830 3534 distichis,
3886 3428 4198 3529 pinnulis
4250 3428 4294 3503 l.
4351 3428 4528 3502 sub-

1252 3548 1685 3624 tiliformiter
1724 3547 2327 3651 tereti-elongatis
2382 3547 2681 3648 papillas
2736 3544 3173 3620 subconicas
3223 3545 3676 3620 verticillatas
3725 3570 4161 3647 sparsasque
4207 3546 4528 3646 gerenti-

1251 3664 1429 3754 bus,
1479 3665 1522 3740 l.
1580 3665 2027 3742 brevissimis
2082 3664 2506 3767 papillarum
2559 3663 2911 3739 verticillo
2963 3663 3172 3763 apice
3228 3664 3521 3738 ornatis,

1558 3817 1684 3892 Ad
1729 3818 2046 3894 insulum
2098 3817 2473 3892 Franciae.

1559 3969 1841 4044 Thallus
1918 3972 2167 4045 coloris
2247 3975 2549 4045 coccinei
2623 3998 2840 4071 usque
2926 3972 3428 4070 12-pollicaris,
3476 3970 3829 4067 primarius
3879 3972 4008 4042 ima
4062 3982 4319 4043 tantum
4381 3975 4527 4046 basi

1252 4101 1466 4174 teres,
1516 4114 1809 4187 superne
1862 4116 2330 4188 compressus,
2381 4090 2855 4188 sesquilineam
2912 4090 2950 4161 l.
3007 4090 3237 4163 forsan
3290 4112 3507 4186 usqne
3563 4086 3730 4158 duas
3785 4088 3992 4162 lineas
4028 4089 4200 4161 latus
4235 4103 4308 4162 et
4331 4090 4526 4162 dimi-

1251 4203 1449 4277 duam
1536 4233 1837 4294 crassus,
1913 4210 1977 4280 in
2067 4221 2354 4307 utroque
2411 4211 2709 4305 margine
2764 4211 2982 4308 pinnis
3041 4208 3163 4279 1-3
3220 4208 3427 4279 lineas
3480 4203 3877 4279 distantibus
3934 4209 4302 4293 obsessus,
4356 4234 4526 4307 quas

1246 4325 1417 4397 inter
1469 4328 1705 4423 pinnas
1757 4326 2000 4398 adsunt
2048 4339 2339 4399 ramenta
2381 4325 2505 4397 1-6
2541 4327 2745 4400 lineas
2779 4328 3011 4424 longa,
3040 4325 3397 4424 simplicia,
3428 4323 3465 4394 l.
3513 4324 3907 4396 brevissima
3944 4338 4192 4397 etcum
4225 4327 4523 4423 pinnulis

1246 4470 1450 4540 supra
1509 4442 1865 4542 descriptis
1920 4447 2190 4516 omnino
2246 4447 2729 4517 convenientia.
2833 4444 3128 4527 Pinnae,
3184 4468 3464 4541 quarum
3518 4439 3865 4514 inferiores
3918 4466 4135 4539 usque
4189 4443 4526 4541 5-6-p01-

1245 4560 1517 4645 licares‚
1562 4587 1825 4634 sursum
1883 4563 2265 4648 breviores,
2317 4588 2490 4634 nunc
2528 4564 2809 4659 pinnati,
2859 4589 3034 4634 nunc
3087 4561 3428 4659 bipinnati.
3508 4556 3815 4655 Papillae
3873 4560 4168 4632 brew'ter
4202 4563 4528 4644 conicae,

1247 4702 1399 4747 raro
1447 4677 1810 4762 solitariae,
1863 4679 2261 4777 plerumque
2314 4680 2545 4778 plures
2596 4683 2658 4751 in
2715 4681 3003 4777 pinnulis
3061 4678 3520 4760 verticillatae3
3574 4675 3871 4748 verticilli
3905 4677 3970 4746 in
4000 4678 4294 4773 pinnulis
4325 4676 4525 4749 elon-

1241 4795 1415 4890 gatis
1457 4793 1686 4891 plnres
1740 4796 1945 4868 lineas
2000 4796 2356 4883 distantes,
2405 4799 2559 4896 plus
2617 4801 2829 4870 minus
2879 4800 3253 4883 numerosi,
3300 4797 3364 4866 in
3424 4794 3840 4865 brevissimis
3894 4820 4065 4866 unus
4120 4794 4312 4866 solus
4364 4821 4526 4867 ver-

1243 4911 1513 4994 ticillus,
1562 4914 1674 5009 qui
1728 4939 1904 4985 nunc
1957 4917 2020 4985 in
2066 4919 2219 5015 ipso
2273 4919 2517 5016 pinnae
2566 4918 2759 5015 apice
2812 4929 2916 4988 est
2968 4916 3134 4987 situs
3188 4955 3276 4969 -
3316 4912 3498 4984 unde
3527 4937 3681 4983 eum
3715 4909 4028 5008 papillam
4062 4915 4527 5010 compositam

1239 5026 1705 5125 pedicellatam
1758 5034 2140 5106 nominares
2197 5077 2292 5090 —
2345 5034 2525 5108 denti
2556 5035 2783 5105 molari
2838 5033 3206 5105 tuberculis
3259 5030 3515 5102 conicis
3552 5053 3686 5099 non
3734 5025 4312 5115 dissimiliS,nunc
4347 5056 4532 5128 pau·

1240 5144 1445 5215 lulum
1495 5147 1662 5219 infra
1716 5150 2012 5245 apicem,
2066 5164 2138 5223 ut
2185 5178 2337 5224 eum
2390 5153 2707 5252 papillam
2763 5154 3212 5251 compositam
3243 5147 3640 5246 apiculatam
3693 5170 4143 5244 nuncupares.
4215 5145 4532 5221 Fructus

1240 5288 1275 5333 a
1327 5288 1434 5335 me
1485 5290 1619 5337 non
1676 5293 1815 5339 visi.
