4984 6517
1368 631 1549 720 390

1567 845 1737 921 Hoc
1785 843 2013 920 modo
2062 842 2455 920 litterarum
2502 841 2784 918 illarum
2835 841 3070 918 studia
3140 850 3213 918 et
3256 841 3369 917 sui
3406 841 3592 941 juris
3661 840 4016 917 exsistent
4072 848 4145 916 et
4193 864 4488 940 semper

1262 962 1627 1067 vigebunt.
1734 963 2003 1040 Damni
2053 960 2347 1069 quidem
2397 960 2475 1036 id
2525 959 2832 1037 fortasse
2883 959 3343 1047 contrahent,
3398 969 3504 1049 ut,
3565 959 3643 1036 id
3696 959 3896 1066 quod
3946 984 4166 1059 supra
4219 982 4486 1060 exspe-

1264 1081 1604 1158 ctandum
1668 1080 1897 1184 magis
1972 1105 2193 1187 quam
2268 1079 2666 1156 dolendum
2725 1078 3234 1168 indicavimus,
3314 1078 3676 1153 minuatur
3740 1076 4060 1153 nonnihil
4143 1101 4487 1153 numerus

1264 1224 1544 1288 eorum,
1597 1199 1724 1306 qui
1769 1197 1864 1274 ad
1904 1197 2273 1274 scientiam
2325 1197 2607 1273 illarum
2669 1198 3115 1284 incumbant;
3181 1196 3318 1273 sed
3369 1207 3624 1272 contra
3671 1193 3748 1271 id
3797 1194 4061 1271 facient
4111 1194 4326 1285 lucri,
4377 1206 4486 1283 ut,

1264 1317 1573 1421 explosa
1621 1317 1937 1393 inanium
1995 1341 2239 1392 rerum
2297 1314 2777 1392 sollicitudine
2825 1315 3220 1423 studioque
3272 1315 3474 1391 omni
3523 1314 3618 1391 ad
3668 1340 3999 1391 normam
4061 1323 4307 1389 rectae
4375 1338 4488 1388 ra-

1262 1436 1479 1512 tionis
1531 1445 1901 1524 revocato,
1955 1435 2029 1510 in
2077 1434 2469 1511 litterarum
2516 1435 2794 1510 illarum
2839 1435 3214 1543 ipsiusque
3263 1433 3554 1535 linguae
3604 1433 4022 1536 cognitione
4073 1431 4234 1534 plus
4286 1432 4487 1533 plus-

1265 1580 1412 1662 que
1455 1554 1873 1656 proficiatur
1924 1562 1997 1629 et
2048 1552 2390 1629 meliores
2432 1553 2647 1628 etiam
2696 1553 3056 1653 paullatim
3106 1552 3416 1629 evadant
3463 1552 3532 1640 ii,
3589 1552 3712 1659 qui
3768 1550 3860 1627 ad
3908 1549 3984 1627 id
4048 1575 4282 1653 genus
4356 1548 4487 1625 do·

1265 1673 1532 1749 ctrinae
1562 1671 1879 1747 animum
1931 1670 2348 1770 adjecerint.
2404 1672 2509 1746 Ita
2532 1672 2626 1747 de
2650 1672 2889 1747 alieno
2930 1675 3100 1770 jure
3126 1669 3295 1746 nihil
3322 1671 3441 1746 illa
3471 1670 3935 1773 usurpabunt,
3990 1668 4087 1743 de
4136 1693 4275 1745 suo
4320 1666 4488 1744 nihil

1264 1792 1654 1878 remittent;
1724 1798 1941 1897 atque
2010 1791 2146 1866 erit
2215 1790 2288 1864 in
2353 1787 2464 1866 his
2541 1790 2756 1867 etiam
2827 1790 3080 1868 studiis
3167 1789 3490 1892 probitas
3556 1789 3676 1866 illa
3732 1786 4104 1891 praeclara
4181 1797 4256 1863 et
4316 1787 4485 1887 ipsis

1268 1934 1569 2017 quoque
1633 1909 1975 2011 perutilis.
2081 1908 2175 1984 Et
2218 1906 2351 1982 hac
2405 1908 2702 2015 quidem
2768 1906 2961 1985 haud
3033 1934 3212 1985 sane
3289 1908 3607 1985 violenta
3666 1906 4071 1984 studiorum
4128 1906 4334 2011 quasi
4381 1905 4490 1979 in-

1264 2027 1704 2104 stauratione
1748 2036 2080 2134 statuque
2134 2036 2405 2103 mutato
2458 2027 2763 2103 meliore
2806 2032 2960 2126 jam
3010 2028 3178 2102 loco
3234 2038 3444 2103 erunt
3494 2026 3833 2103 litterae
3813 2051 4047 2127 lpsae.
4097 2023 4168 2098 in
4225 2021 4486 2129 quibus

1266 2172 1705 2255 quamquam
1757 2170 1908 2220 non
1957 2171 2215 2221 omnes
2266 2146 2564 2221 omnino
2623 2144 2993 2222 doctrinae
3039 2144 3343 2220 studiosi
3393 2145 3859 2247 praecipuam
3902 2151 4179 2246 ponent
4219 2166 4486 2228 curam,

1265 2272 1527 2352 tamen,
1576 2263 1780 2370 quod
1833 2267 2068 2363 majus
2122 2273 2233 2339 est
2294 2274 2367 2339 et
2417 2263 2512 2339 ad
2560 2262 2778 2340 studii
2829 2263 3146 2340 universi
3197 2263 3556 2339 fortunam
3607 2262 3976 2350 valentius,
4033 2261 4315 2335 illarum
4341 2271 4494 2336 stu-

1267 2382 1457 2458 diosi
1518 2383 1674 2480 jam
1739 2386 2043 2488 jamque
2115 2391 2327 2457 erunt
2379 2382 2676 2469 conscii,
2759 2407 2949 2489 quae
3031 2382 3104 2457 in
3159 2381 3295 2458 illis
3345 2382 3435 2459 sit
3493 2383 3736 2471 virtus,
3792 2407 3981 2488 quae
4045 2380 4493 2481 praestantia,

1267 2498 1393 2608 qui
1442 2500 1651 2575 locus
1703 2525 1984 2587 earum,
2047 2501 2173 2607 qui
2234 2500 2430 2576 velut
2502 2501 2688 2576 fines
2761 2499 3185 2587 consecrati,
3266 2501 3529 2607 quibus
3607 2509 3974 2608 nequeant
4048 2498 4353 2599 expelli;
4426 2508 4496 2575 et

1268 2643 1459 2726 quae
1508 2617 1678 2693 olim
1731 2617 2007 2693 litterae
2055 2617 2129 2692 in
2177 2618 2558 2695 levissimis
2610 2616 3024 2726 quibusque
3077 2616 3300 2694 rebus
3347 2619 3854 2726 vilissimisque
3904 2615 4358 2694 exornandis
4411 2641 4488 2691 ac

1265 2735 1704 2814 decorandis
1755 2735 2301 2823 adhibebantur,
2371 2735 2675 2837 posthac
2730 2747 3032 2838 propter
3095 2762 3179 2813 se
3240 2736 3443 2839 ipsae
3523 2747 3636 2830 et,
3688 2748 3768 2814 ut
3828 2736 3934 2813 rei
4005 2734 4318 2839 gravitas
4397 2734 4498 2809 di-

1266 2855 1645 2960 gnitasque
1696 2852 2105 2956 postulabit,
2158 2854 2475 2958 ingenue
2521 2862 2594 2930 et
2642 2854 2838 2930 serio
2889 2855 3239 2931 colentur.

1569 3205 1720 3283 Sed
1772 3207 2068 3284 forsitan
2123 3208 2286 3315 quis
2343 3206 2799 3315 quaesiverit,
2854 3233 3029 3285 num
3080 3232 3382 3311 sperare
3457 3207 3671 3283 liceat
3745 3208 3939 3308 apud
4003 3231 4143 3282 nos
4195 3230 4497 3313 quoque

1266 3325 1449 3415 fore,
1497 3326 1624 3433 qui
1671 3325 1769 3400 ad
1817 3326 2190 3402 scientiam
2241 3327 2673 3436 antiquitatis
2741 3337 3221 3434 veterumque
3296 3325 3670 3403 doctrinae
3746 3325 3984 3401 omnis
4065 3323 4338 3431 aliquid
4401 3323 4497 3399 de

1266 3468 1405 3524 suo
1461 3442 1881 3519 conferant?
1947 3469 2041 3520 an
2098 3446 2326 3522 nostri
2378 3443 2744 3534 homines,
2803 3445 2898 3522 de
2951 3447 3403 3521 incremento
3470 3443 3910 3547 philologiae
3987 3443 4327 3549 antiquae
4380 3468 4497 3519 se-

1267 3562 1441 3650 curi,
1513 3560 1685 3637 nihil
1750 3563 1947 3640 aliud
2021 3573 2270 3666 agent,
2348 3589 2567 3671 quam
2651 3574 2755 3653 ut,
2820 3590 3012 3672 quae
3068 3563 3474 3640 invenerint
3538 3561 3775 3638 exteri
3824 3572 3947 3638 aut
3993 3561 4285 3637 inventa
4329 3586 4498 3662 per-

1265 3678 1587 3768 fecerint,
1638 3689 2027 3760 assumant-
2073 3679 2211 3756 sibi
2287 3697 2506 3790 atque
2576 3684 3044 3760 annotatione
3097 3682 3433 3790 quapiam
3485 3681 4060 3787 persequantur?
4134 3681 4229 3756 Et
4268 3704 4490 3786 quum

1266 3797 1462 3898 apud
1506 3798 1806 3887 vicinoS,
1855 3800 1979 3905 qui
2033 3797 2249 3874 nobis
2311 3812 2479 3876 sunt
2524 3802 2640 3877 vel
2711 3811 3063 3876 terrarum
3112 3802 3249 3876 situ
3297 3800 3412 3875 vel
3463 3799 3785 3904 gentium
3838 3798 4272 3901 cognatione
4331 3797 4487 3872 fini-

1268 3915 1440 4003 timi,
1490 3916 1628 3991 Vir
1694 3915 1812 3992 ille
1870 3917 2165 4019 ingenio
2220 3943 2307 3992 ac
2359 3917 2686 3994 doctrina
2760 3917 3135 3995 excellens
3192 3928 3264 3992 et
3338 3918 3452 3994 sui
3531 3914 3953 3993 celebritate
4037 3916 4344 3991 nominis
4419 3926 4495 3990 et

1270 4032 1789 4136 discipulorum
1839 4035 2208 4111 nobilitate
2255 4034 2673 4126 ostenderit,
2719 4037 2859 4113 sub
2914 4035 3455 4137 septentrionali
3515 4035 3728 4111 etiam
3788 4034 3977 4109 coeli
4028 4032 4242 4138 plaga
4297 4036 4498 4109 nasci

1266 4151 1571 4253 ingenia,
1626 4177 1815 4259 quae
1869 4154 1939 4228 in
1991 4153 2115 4228 illo
2166 4153 2557 4230 litterarum
2611 4181 2886 4258 genere
2936 4155 3230 4231 minime
3280 4154 3421 4229 sint
3483 4153 3827 4229 inferiora
3882 4153 3990 4241 iis,
4075 4178 4267 4259 quae
4327 4177 4500 4254 pro-

1265 4268 1476 4370 piore
1502 4268 1662 4346 sole
1691 4272 1897 4377 quasi
1925 4270 2350 4359 nutriuntur,
2404 4273 2856 4350 Suionumne
2880 4299 3063 4378 gens
3094 4272 3251 4348 sola
3303 4281 3546 4347 careat
3578 4269 4012 4359 hominibus,
4065 4270 4191 4376 qui
4214 4270 4501 4347 idoneis

1265 4386 1360 4463 ad
1413 4397 1687 4464 tantum
1731 4388 1960 4465 decus
2006 4389 2518 4467 aemulandum
2581 4392 2884 4493 praediti
2932 4391 3076 4468 sint
3123 4390 3342 4465 animi
3417 4389 3848 4495 ingeniique
3903 4387 4302 4478 virtutibus,
4358 4413 4500 4463 nec

1264 4505 1457 4581 aliud
1510 4531 1698 4609 opus
1751 4506 2190 4583 nostratibus
2236 4509 2584 4598 relictum,
2640 4533 2858 4617 quam
2911 4519 3006 4597 ut,
3068 4532 3260 4616 quae
3305 4507 3694 4613 peregrina
3745 4517 3963 4614 atque
4033 4507 4269 4584 aliena
4338 4506 4496 4594 sint,

1264 4619 1523 4701 faciant
1571 4650 1706 4702 sua
1754 4622 2365 4733 haereditatisque
2418 4627 2740 4735 quodam
2785 4629 2957 4725 jure
3000 4626 3412 4702 vindicent?

1565 4804 1846 4882 Idonea
1921 4832 2071 4883 non
2136 4809 2455 4885 defuisse
2516 4835 2656 4886 nec
2721 4809 2979 4887 defore
3027 4809 3349 4914 ingenia,
3427 4838 3521 4888 eo
3575 4813 3804 4915 magis
3856 4813 4235 4889 confidere
4290 4813 4490 4899 licet,

1267 4918 1471 5027 quod
1513 4947 1613 4997 ex
1670 4921 1812 4998 hoc
1864 4925 2139 5027 populo
2195 4926 2501 5015 fuerunt,
2552 4928 2676 5035 qui
2705 4929 3074 5029 praeclara
3118 4930 3466 5004 industria
3515 4939 3588 5005 et
3639 4956 3866 5030 opere
3897 4931 4248 5007 nonnullo
4279 4931 4495 5017 edito,

1264 5045 1607 5145 tanquam
1653 5042 2077 5119 verecundo
2123 5046 2492 5147 exempl0,
2548 5046 2769 5121 fidem
2816 5045 3138 5135 fecerint,
3219 5057 3576 5122 nostrates
3627 5048 3840 5121 etiam
3889 5060 3966 5123 ut
4019 5050 4093 5124 in
4143 5050 4230 5125 iis
4282 5047 4496 5124 disci-

1265 5156 1495 5256 plinis,
1553 5183 1743 5265 quae
1793 5171 1961 5238 sunt
2006 5162 2082 5237 in
2131 5164 2737 5268 pervestigatione
2796 5176 3096 5241 naturae
3145 5165 3446 5266 positae,
3521 5164 3619 5241 ita
3667 5164 3742 5240 in
3792 5166 4046 5243 studiis
4097 5167 4486 5242 litterarum

1264 5274 1716 5383 antiquarum
1745 5304 1969 5380 posse
1997 5306 2165 5357 cum
2194 5282 2466 5359 exteris
2493 5281 2906 5361 hominibus
2933 5293 3086 5360 arte
3107 5284 3554 5390 ingenioque
3590 5286 3909 5385 quodam
3937 5286 4165 5361 modo
4195 5292 4497 5360 conten-

1264 5393 1466 5472 dere.
1571 5396 1722 5472 Sed
1773 5397 1938 5474 talia
1982 5425 2132 5475 non
2185 5410 2526 5502 poterunt
2573 5402 2862 5505 ingenia
2911 5403 2998 5480 iis
3053 5403 3298 5479 excoli
3322 5401 3793 5503 temporibus,
3844 5405 4111 5513 quibus
4161 5403 4288 5511 qui
4343 5427 4498 5502 ma-
