4984 6517
1106 1727 1569 1825 PHYCEAE
1657 1727 1976 1825 NOVAE
2053 1731 2176 1824 ET
2255 1730 2586 1825 MINUS
2669 1729 3175 1825 COGNITAE

958 1952 1070 2044 IN
1147 1951 1632 2046 MARIBUS
1712 1949 2667 2045 EXTRAEUROPAEIS
2744 1949 3319 2046 COLLECTAE

2027 2180 2231 2248 Quas

1138 2361 1992 2423 DESCRIPTIONIBUS
2057 2363 3140 2426 OBSERVATIONIBUSQUE

1878 2561 2383 2607 ILLUSTRAVIT

1529 2723 1778 2783 somn
1841 2697 2054 2780 nnn.
2113 2723 2729 2784 Annscnouo.

499 3120 1003 3253 Phycearum
1053 3151 1373 3252 species,
1430 3174 1738 3253 quarum
1793 3150 2321 3252 descriptiones
2375 3151 2491 3227 hic
2549 3153 2959 3242 traduntur,
3025 3178 3162 3252 per
3213 3153 3475 3228 decem
3534 3173 3761 3226 anno·

495 3295 653 3346 rum
704 3269 1014 3369 spatium
1063 3269 1157 3343 ab
1211 3269 1462 3345 amicis
1514 3294 1558 3344 e
1614 3267 1936 3343 maribus
1991 3267 2505 3371 hemisphaerii
2557 3271 2885 3346 australis
2938 3280 3384 3371 reportatae,
3440 3268 3760 3344 maxima

495 3414 629 3490 pro
682 3396 887 3488 parte
959 3387 1056 3461 ad
1134 3411 1339 3461 oram
1389 3385 1687 3461 Africae
1743 3385 2236 3462 meridionalis
2283 3397 2357 3462 et
2407 3387 2502 3462 ad
2547 3388 2784 3463 littora
2834 3387 3088 3464 Novae
3144 3386 3581 3464 Hollandiae
3633 3409 3760 3459 au-

497 3505 728 3581 stralis
781 3512 948 3579 sunt
999 3503 1382 3592 collectae;
1439 3529 1718 3606 paucae
1770 3503 2275 3578 tantummodo
2332 3529 2432 3580 ex
2485 3506 2836 3580 America
2877 3505 3336 3580 meridionali
3372 3506 3414 3579 1.
3458 3502 3758 3579 aliarum

493 3631 857 3697 terrarum·
903 3620 1225 3696 maribus
1277 3646 1484 3697 suam
1539 3621 1895 3724 originem
1951 3621 2245 3696 ducunt.
2354 3622 2558 3723 Ipsas
2609 3622 2897 3724 species
2941 3623 3347 3725 plantarum
3405 3646 3556 3696 non
3621 3619 3761 3694 mi-

487 3764 622 3813 nus
681 3763 896 3840 quam
953 3738 1308 3813 internam
1371 3764 1623 3815 earum
1677 3747 2040 3826 naturam,
2096 3738 2684 3842 physiologicam
2739 3741 2907 3815 dico
2971 3749 3188 3842 atque
3241 3739 3757 3825 anatomicam,

488 3880 653 3930 cum
704 3857 1133 3956 perquirere
1185 3866 1523 3956 oporteat
1565 3857 1988 3932 botanicum
2045 3858 2432 3959 omnisque
2486 3883 2661 3933 vera
2715 3857 3069 3960 cognitio,
3125 3867 3204 3932 ut
3252 3857 3448 3931 bene
3477 3855 3757 3940 dicitur,

492 3972 889 4074 cognitioni
945 3973 1243 4074 speciali
1306 3974 1662 4060 innitatur,
1714 3999 2069 4049 novarum
2121 3976 2535 4076 specierum
2590 3975 3122 4078 descriptiones
3169 3999 3415 4076 neque
3468 3971 3756 4047 inutiles

486 4090 739 4166 haberi
789 4090 1065 4165 debent
1111 4117 1353 4192 neque
1404 4092 1759 4167 botanicis
1811 4091 2169 4193 ingratae;
2217 4092 2380 4167 hinc
2431 4093 2586 4167 illas
2637 4092 2978 4192 Phyceas
3026 4091 3494 4167 describendi
3519 4088 3759 4165 consi-

487 4208 678 4284 lium.
730 4210 1016 4301 Quanta
1040 4218 1281 4283 autem
1312 4208 1727 4285 difficultate
1757 4208 1845 4283 sit
1875 4210 1943 4284 ei
1976 4208 2479 4298 laborandum,
2502 4210 2622 4311 qui
2647 4210 2924 4310 plantas
2947 4236 2990 4285 e
3013 4210 3314 4284 remotis
3332 4206 3760 4311 regionibus

488 4326 732 4402 allatas
774 4327 871 4401 ita
917 4326 1524 4426 descriptionibus
1570 4326 1930 4402 illustrare
1987 4327 2255 4426 cupiat,
2310 4335 2389 4401 ut
2418 4353 2462 4401 e
2501 4327 2683 4403 datis
2711 4327 3249 4402 characteribus
3278 4337 3425 4401 tute
3452 4320 3756 4425 agnosci

483 4444 790 4544 possint,
850 4444 1225 4519 neminem
1281 4453 1480 4518 certe
1531 4444 1742 4547 sugit,
1787 4444 1959 4546 qui,
2017 4469 2232 4545 quam
2287 4469 2545 4545 parum
2596 4444 2735 4520 hac
2784 4447 2858 4520 in
2909 4470 3023 4532 re,
3074 4445 3268 4545 ipsas
3303 4443 3579 4544 plantas
3605 4440 3755 4513 Eu·

485 4585 796 4662 ropaeas
854 4562 1136 4637 criticas
1189 4562 1251 4637 si
1304 4561 1767 4662 respicimus,
1844 4586 2104 4636 revera
2174 4559 2734 4663 profecerimus,
2791 4563 2883 4637 sit
2927 4570 3298 4662 expertus
3410 4558 3562 4634 Sed
3618 4582 3756 4656 pro

373 4693 393 4707 ‘
488 4705 613 4763 eo,
667 4678 870 4779 quod
920 4678 1169 4753 evitari
1212 4688 1564 4780 nequeat,
1613 4704 1762 4753 non
1803 4689 1915 4755 est
1966 4680 2385 4782 lugendum.
2462 4681 2661 4756 Raro
2694 4680 2986 4756 unuml.
3020 4703 3280 4781 pauca,
3312 4677 3450 4752 sed
3482 4674 3756 4775 saepis·

483 4798 665 4872 sime
738 4820 1134 4871 numerosa
1205 4797 1783 4898 uniuscujusque
1864 4797 2020 4872 sere
2102 4796 2379 4896 speciei
2442 4798 2845 4898 specimina
2905 4823 3071 4871 cum
3152 4796 3405 4871 videre
3460 4803 3532 4868 et
3575 4817 3753 4867 con-

482 4914 674 4990 ferre
705 4913 1012 4998 licuerit,
1068 4912 1262 5012 ipsas
1289 4914 1575 5014 species
1602 4914 1824 5016 longe
1852 4915 2116 5017 magis,
2162 4941 2378 5016 quam
2409 4915 2842 5018 plerumque
2878 4915 3076 5002 licet,
3125 4913 3340 4989 nobis
3366 4911 3754 4987 familiares

487 5031 802 5107 reddere
883 5030 1287 5131 potuimus,
1366 5040 1443 5106 ut
1519 5031 1582 5106 si
1656 5031 1728 5105 in
1804 5032 2063 5107 iisdem
2137 5032 2524 5108 limitandis
2590 5048 2809 5134 atque
2878 5030 3381 5108 describendis
3441 5029 3759 5132 graviter

450 5143 1004 5235 ‘erraverimuS,
1053 5149 1264 5223 tardo
1319 5157 1572 5224 nostro
1625 5149 1923 5251 ingenio
1978 5149 2219 5250 potius
2261 5176 2478 5252 quam
2515 5150 2739 5226 rebus
2766 5150 3255 5225 incommodis
3289 5148 3753 5224 tribuendum

483 5266 589 5342 sit.
697 5265 817 5338 Ex
879 5264 1026 5339 hoc
1080 5266 1343 5362 majori
1397 5266 1796 5341 formarum
1859 5277 2076 5368 atque
2152 5268 2633 5368 speciminum
2712 5292 3025 5344 numero
3072 5268 3303 5341 fluunt
3382 5266 3754 5366 longiores
