4984 6517
4516 6 4892 341 Ἴ

1485 784 1616 857 sub
1670 783 1852 858 lente
1904 795 2105 859 tenue
2158 785 2526 862 flocculosa
2580 801 2650 864 et
2694 815 2918 890 prope
2968 792 3263 890 stipitem
3313 792 3529 867 foveis
3585 794 4023 871 subrotundis
4056 799 4529 889 scrobiculatai,

1485 927 1764 1001 quarum
1814 930 1945 976 una
2003 905 2294 980 alterave
2373 908 2438 980 in
2518 910 2810 1008 stipitem
2877 909 3264 998 descendit,
3318 924 3385 985 at
3458 913 3699 987 subtus
3772 940 3905 989 non
3977 928 4525 993 costato-venosa

1480 1032 1604 1095 est.
1705 1018 1967 1095 Discus
2018 1050 2222 1124 supra
2277 1027 2564 1099 serobes
2618 1027 2906 1102 bullatus
2952 1040 3090 1115 est,
3146 1042 3445 1103 ceterum
3498 1030 3739 1121 laevis,
3790 1059 3830 1106 e
3874 1034 4103 1132 griseo
4160 1033 4526 1134 fuliginem,

1484 1141 1706 1213 siccus
1758 1142 2074 1215 murinus.
2194 1140 2367 1216 Asci
2435 1144 2758 1243 elongati,
2835 1148 3069 1246 ampli,
3157 1150 3381 1247 spor-is
3460 1150 3808 1251 oblongis,
3872 1164 4108 1226 exacte
4188 1148 4523 1229 Helvella·

1484 1284 1650 1330 rum.
1755 1255 2147 1333 Substantia
2199 1287 2838 1352 ceraceo-carnosa,
2884 1265 3163 1366 fragilis,
3211 1268 3379 1340 alba.

1400 566 1574 653 izo

1286 1415 1352 1490 3.
1479 1418 1758 1494 Pszrza
1805 1442 2187 1509 cosa-An,
2241 1421 2545 1511 sessilis,
2597 1422 3102 1513 subcontorta,
3176 1450 3221 1502 e
3293 1424 3515 1501 dilute
3567 1425 3817 1528 griseo
3884 1424 4305 1513 albescens,
4358 1422 4530 1499 sub-

1483 1542 1601 1610 tus
1649 1535 1846 1625 alba,
1895 1538 2094 1641 jugis
2145 1565 2191 1614 a
2239 1538 2399 1616 basi
2447 1541 2894 1619 radiantibus
2946 1540 3242 1619 elevatis
3278 1543 3588 1619 ramosis
3641 1550 3938 1620 oostata.

1580 1680 1664 1755 In
1719 1678 1914 1755 Ohio
1982 1681 2377 1760 Americae
2457 1683 2778 1762 borealis
2840 1687 3315 1794 (Lindblom)
3362 1732 3458 1747 —
3514 1687 3731 1764 etiam
3808 1687 4116 1790 copiose
4170 1686 4245 1762 in
4290 1685 4527 1762 Horto

1484 1796 1842 1873 Botanico
1909 1798 2315 1899 Upsaliensi
2384 1827 2532 1878 una
2597 1829 2763 1879 cum
2834 1809 2998 1880 Pez.
3051 1808 3487 1881 Helvelloidis
3534 1832 3685 1882 var.
3745 1806 4046 1895 minori,
4115 1808 4203 1881 Ρ.
4258 1805 4530 1907 sepulta

1484 1914 1662 2015 (cfr.
1713 1917 1989 1992 Summ.
2048 1918 2235 2021 Veg.
2283 1919 2440 2023 Sc.)
2482 1924 2810 2019 Augusto
2845 1922 3115 2024 pluvio.
3171 1927 3291 2000 El.
3345 1926 3585 2014 Fries,
3636 1923 3847 2001 filius.

1581 2067 1683 2145 Ut
1733 2073 1919 2170 prior
1970 2070 2056 2143 ad
2107 2071 2479 2145 Discinam
2514 2075 2910 2174 perlatam,
2962 2075 3132 2150 haec
3184 2075 3271 2148 ad
3324 2077 3410 2147 Ρ.
3462 2102 3775 2149 venusam
3840 2070 4135 2159 accedit,
4192 2082 4261 2143 at
4311 2070 4530 2170 reipsa

1485 2189 1572 2262 P.
1626 2187 2006 2263 Acetabulo
2051 2193 2389 2289 proxima,
2441 2218 2480 2263 a
2537 2218 2669 2291 qua
2722 2207 2943 2268 tamen
2997 2194 3214 2268 differt
3265 2193 3510 2293 cupula
3563 2193 3818 2279 sessili,
3864 2190 4135 2265 demum
4186 2187 4389 2263 valde
4417 2213 4532 2261 ex-

1485 2333 1698 2407 pansa
1750 2308 1982 2405 (2-3
2030 2334 2182 2381 unc.
2231 2308 2392 2408 lata)
2444 2310 2793 2401 undulata,
2865 2312 3218 2399 difformis,
3264 2311 3596 2386 interdum
3631 2338 3908 2387 reversa
3958 2321 4028 2383 et
4074 2308 4533 2406 immargimta

1487 2427 1740 2521 (junior
1791 2438 2017 2500 tamen
2067 2452 2343 2525 semper
2395 2429 2737 2526 cupularis
2782 2432 3213 2529 marginata),
3265 2429 3628 2503 admodum
3666 2428 3880 2528 fragili
3930 2439 4001 2502 et
4046 2426 4283 2501 colore
4340 2451 4382 2500 e
4432 2422 4531 2497 di-

1473 2541 1610 2616 lute
1666 2544 1894 2642 griseo
1941 2545 2346 2619 albescente.
2448 2543 2714 2647 Stipitis
2786 2548 3233 2622 rudimentum
3309 2560 3679 2648 costaeque
3739 2572 4016 2647 semper
4064 2543 4344 2618 solidae.
4447 2543 4533 2616 Ρ.

1482 2688 1727 2733 venosa
1780 2663 1987 2735 multo
2035 2663 2289 2739 firmior
2336 2677 2442 2739 est
2492 2677 2561 2741 et
2614 2668 2937 2754 crassior,
2989 2666 3218 2741 discus
3271 2693 3484 2767 saepe
3516 2678 3853 2753 costatus;
3905 2676 3974 2736 at
4013 2664 4080 2736 in
4130 2663 4217 2737 P.
4263 2677 4536 2737 castata

1481 2782 1762 2853 tenuiori
1811 2781 2038 2855 discus
2086 2809 2361 2883 semper
2409 2784 2637 2858 laevis.
2764 2782 3127 2859 Exsiccata
3194 2784 3390 2859 valde
3444 2783 3793 2872 diminuta,
3846 2783 4209 2856 obscurata
4228 2837 4249 2869 ,
4328 2805 4533 2880 aegre

1481 2899 2056 2997 recog-noscenda.
2162 2898 2330 2973 Asci
2382 2914 2451 2975 et
2510 2901 2807 3001 sporidia
2868 2906 3138 2976 omnino
3191 2903 3278 2976 P.
3332 2898 3738 2976 Acetabuli!
3814 2898 4183 3000 Descripsi
4231 2896 4322 2971 ad
4378 2924 4535 2999 spe·

1481 3018 1717 3090 cimina
1793 3013 2225 3117 Upsaliensia
2302 3021 2487 3109 viva,
2566 3049 2606 3094 a
2664 3023 2910 3120 quibus
2985 3023 3341 3096 exsiccatis
3420 3018 3487 3095 F
3492 3046 3713 3119 ungus
3796 3018 4167 3094 Ohioensis
4230 3044 4371 3091 non
4438 3014 4536 3090 di·

1478 3134 1938 3233 stinguendus.

1392 3289 1426 3321 ⁸
1474 3287 1556 3361 P.
1611 3311 1966 3375 nasum,
2021 3313 2361 3377 ceracea,
2419 3289 3367 3391 urceolam-campanulata,
3420 3288 3797 3393 regularis,
3851 3295 4071 3365 extus
4098 3284 4539 3363 nudiuscula

1477 3405 2006 3493 subconcolor,
2061 3406 2297 3508 stipite
2349 3405 2557 3484 brevi
2607 3407 2814 3497 albo,
2894 3409 3221 3512 margine
3271 3407 3687 3511 prominulo
3738 3404 4532 3492 flocculoso-crenato,

1481 3524 1687 3599 disco
1739 3525 2180 3600 aurantiaco.

1576 3666 1706 3742 Ad
1751 3676 2017 3742 terram
2068 3664 2340 3740 nudam
2383 3667 2599 3764 juxta
2649 3664 2916 3755 fossas,
2969 3692 3180 3753 vere,
3234 3666 3429 3742 circa
3481 3666 3866 3769 Upsaliam.
3932 3664 4061 3739 Th.
4094 3663 4324 3749 Fries,
4382 3659 4483 3736 fil.

1583 3812 1766 3887 Inter
1816 3813 2055 3886 multas
2106 3812 2372 3886 nobiles
2422 3809 2712 3888 Pezizas
2763 3816 3086 3914 nuperius
3138 3815 3348 3888 lectas
3396 3813 3569 3887 hanc
3618 3825 3689 3887 et
3738 3822 4131 3910 sequentem
4183 3808 4323 3885 hoc
4374 3808 4536 3882 loco

1477 3935 1766 4005 inseram
1813 3941 2053 4030 utpote
2104 3932 2546 4030 subsequenti
2597 3936 2697 4028 (et
2748 3935 2836 4005 P.
2893 3933 3224 4032 capulari
3272 3928 3391 4032 L.)
3446 3931 3710 4018 affines,
3783 3929 3906 4003 sed
3958 3928 4130 4003 haec
4186 3928 4536 4002 coloribus

1485 4049 1573 4123 ad
1615 4047 1977 4123 Humarias
2026 4049 2306 4123 accedit.
2415 4047 2825 4123 Catervatim
2875 4054 3202 4139 nascitur,
3267 4063 3339 4125 et
3376 4077 3585 4150 saepe
3646 4050 3931 4149 stipata,
3971 4046 4173 4120 3-4
4240 4046 4350 4119 lin.
4408 4046 4535 4118 alta
4884 4060 4885 4095 ἒ

1482 4170 1783 4268 lataque,
1839 4168 1964 4242 sed
2017 4170 2315 4242 siccitate
2369 4168 2813 4258 contrahitur,
2860 4183 2929 4244 et
2974 4173 3040 4244 in
3088 4170 3224 4243 hoc
3273 4182 3447 4243 statu
3506 4181 3701 4243 extus
3748 4168 3899 4240 alba
3948 4177 4018 4241 et
4067 4167 4283 4265 stipes
4340 4163 4535 4237 albo-
4883 4100 4885 4225 A

1478 4287 1759 4360 villosus
1812 4300 2157 4387 apparent.
2263 4284 2534 4386 Cupula
2581 4301 2880 4362 ceterum
2947 4287 3378 4375 nudiuscula‚
3437 4287 3678 4374 laevis,
3748 4285 3964 4359 forma
4034 4284 4378 4357 urceolata
4434 4284 4526 4355 in·

1483 4409 1727 4505 signis,
1771 4407 2206 4506 margineque
2263 4404 2524 4479 discum
2559 4405 2932 4482 excedente
2981 4418 3255 4480 crenato
3307 4404 3656 4506 pallidiori.
3759 4402 3935 4478 Asci
3985 4402 4280 4502 elongati
4302 4458 4322 4489 ,
4365 4426 4534 4501 spo·-

1484 4551 1599 4598 rae
1650 4525 2024 4625 simplices,
2075 4524 2321 4597 laeves.
4084 4526 4089 4539 '

1395 4667 1429 4699 ⁸
1479 4664 1558 4738 P.
1615 4685 2039 4748 commus,
2096 4685 2432 4747 ceracea,
2486 4656 3256 4761 elongato-turbinata,
3309 4654 4094 4758 alutaceo-argillacea,
4145 4659 4364 4728 extus
4396 4676 4532 4727 nu-

1488 4781 1584 4857 da
1632 4780 1979 4855 deorsum
2033 4778 2376 4882 contigue
2420 4785 2782 4853 attenuata
2829 4777 2903 4853 in
2957 4777 3269 4879 stipitem
3320 4776 3610 4851 firmum
3655 4773 4122 4859 albidiorem‚
4202 4769 4537 4875 margine

1490 4897 1893 4985 crenulat0,
1950 4896 2156 4972 disco
2204 4895 2582 4971 urceolato
2640 4895 3041 4970 concolori.
3630 4888 3639 4899 '

1588 5047 1774 5122 Gmn
1822 5044 2312 5147 praecedente
2363 5053 2438 5121 et
2485 5047 2572 5120 P.
2624 5043 2943 5121 tuberosa
2995 5043 3089 5117 ad
3142 5050 3409 5118 terram
3458 5066 3657 5117 vere.
3722 5040 3850 5115 Th.
3911 5040 4144 5114 Fn‘es.

1580 5196 2030 5271 Praecedenti
2076 5196 2320 5282 affinis,
2371 5203 2439 5267 at
2483 5197 2754 5293 praeter
2784 5192 3085 5265 colorem
3135 5190 3662 5265 diversissimum
3708 5186 4299 5289 (quoddammodo
4364 5183 4532 5262 Cla-

1484 5329 1727 5392 variae
1772 5312 2084 5418 ligulae)
2132 5312 2352 5387 differt
2397 5314 2625 5411 stipite
2673 5312 2873 5386 2-3
2923 5311 3034 5384 lin.
3085 5310 3291 5410 longo
3342 5308 3621 5408 (cupula
3688 5307 4010 5407 longiori)
4081 5327 4356 5381 sursum
4424 5306 4528 5378 in-
