4984 6517
1324 491 1495 580 876

1217 699 1693 808 gubernanda
1740 697 2143 801 republica,
2194 696 2293 774 de
2343 696 2629 801 legibus
2679 696 3229 788 constituendis,
3284 699 3381 775 de
3422 703 3595 799 jure
3629 697 3950 778 dicundo
3977 699 4461 800 scripserunt,

1226 823 1547 923 itemque
1599 815 1943 921 quicquid
1994 815 2067 891 in
2134 825 2287 892 arte
2338 815 2457 891 illa
2511 814 2803 890 dicendi
2859 815 2978 891 vel
3031 814 3364 894 rhetores
3414 815 3532 893 vel
3583 828 3946 905 oratores,
3995 817 4070 894 in
4127 815 4456 892 carmini-

1226 939 1368 1018 bus
1439 937 1841 1014 effecerunt
1913 941 2208 1036 poetae,
2285 957 2376 1010 ea
2436 931 2534 1009 ad
2592 957 2885 1008 omnem
2934 935 3425 1036 posteritatem
3477 935 3777 1012 maximi
3828 946 4038 1011 erunt
4089 934 4460 1011 momenti.

1232 1055 1455 1151 Quod
1522 1053 1721 1131 idem
1799 1077 1949 1128 non
2013 1051 2281 1153 poterit
2328 1050 2500 1128 satis
2546 1050 2725 1126 scite
2776 1075 2864 1126 ac
2919 1052 3317 1154 prudenter
3369 1053 3513 1130 dici
3560 1055 3636 1130 in
3686 1052 4024 1130 omnibus
4073 1054 4462 1130 litterarum

1228 1175 1509 1252 illarum
1559 1169 1901 1274 partibus.

1536 1305 1693 1382 Nec
1743 1330 1926 1381 vero
1979 1304 2251 1406 optima
2299 1302 2415 1378 illa
2466 1313 2541 1380 et
2590 1329 2852 1406 magna
2898 1329 3076 1382 sane
3125 1305 3520 1385 litterarum
3571 1304 3850 1381 illarum
3896 1330 4066 1405 pars
4112 1306 4208 1382 ab
4239 1307 4470 1382 omni·

1237 1428 1379 1504 bus
1448 1433 1687 1527 potest
1756 1422 2100 1499 tantidem
2172 1421 2554 1498 aestimari.
2680 1421 2939 1524 Neque
2982 1423 3174 1498 enim
3232 1423 3446 1525 copia
3494 1424 3614 1501 illa
3665 1448 3940 1511 rerum,
3988 1449 4176 1527 quae
4227 1424 4473 1500 litteris

1238 1545 1377 1622 illis
1420 1543 1897 1630 continentur,
1949 1539 2287 1616 omnibus
2328 1547 2471 1626 est,
2527 1550 2606 1615 ut
2653 1539 2750 1616 ita
2801 1539 3070 1629 dicam,
3115 1542 3383 1619 eodem
3430 1541 3600 1619 loco
3631 1568 3716 1619 ac
3744 1543 4037 1619 nomine
4065 1542 4158 1618 ad
4190 1542 4476 1618 discen-

1245 1664 1420 1740 dum
1468 1661 1858 1764 proposita.
1963 1658 2199 1735 Aliter
2241 1656 2579 1732 videlicet
2623 1658 2696 1732 in
2748 1658 3164 1756 cognitione
3214 1686 3459 1736 rerum
3488 1661 3916 1765 antiquitatis
3947 1661 4351 1738 versabitur
4381 1662 4475 1746 is,

1249 1784 1372 1886 qui
1424 1781 1498 1857 in
1550 1779 1686 1856 illis
1736 1803 2018 1854 summa
2070 1775 2316 1851 omnia
2387 1774 2606 1851 ducet
2653 1776 2886 1876 posita
2957 1802 3099 1853 nec
3169 1781 3403 1878 majus
3450 1780 3833 1883 quicquam
3884 1789 4207 1883 quaeret,
4261 1804 4476 1881 quam

1250 1912 1328 1976 ut
1391 1899 1466 1974 in
1536 1897 1661 1972 illo
1731 1919 2005 1998 genere
2075 1894 2420 1970 scientiae
2492 1892 2833 1982 excellat,
2912 1893 3118 1971 aliter
3185 1896 3280 1983 is,
3335 1897 3458 1998 qui
3509 1896 3911 1976 doctrinam
3962 1898 4256 2000 quidem
4302 1922 4481 1973 con·

1250 2016 1659 2102 sectabitur,
1734 2012 1871 2088 sed
1942 2012 2015 2089 in
2096 2012 2238 2088 alio
2310 2011 2656 2114 quopiam
2707 2012 2961 2088 artium
3015 2010 3552 2117 litterarumque
3600 2041 3908 2119 genere;
3959 2016 4163 2092 aliter
4211 2016 4307 2102 is,
4360 2015 4484 2118 qui

1255 2134 1425 2212 nihil
1469 2132 1665 2210 aliud
1708 2129 2116 2218 intuebitur,
2165 2131 2300 2206 nisi
2349 2141 2424 2205 ut
2465 2129 2538 2206 in
2585 2130 2728 2208 vita
2750 2132 3120 2208 communi
3149 2143 3223 2208 et
3251 2134 3528 2238 vulgari
3553 2133 3925 2211 hominum
3954 2134 4482 2212 consuetudine

1254 2279 1407 2330 non
1456 2252 1783 2328 videatur
1833 2248 2239 2325 eruditione
2284 2273 2560 2324 carere.

1567 2385 2028 2485 Quicumque
2082 2383 2474 2459 litterarum
2527 2385 2976 2487 antiquarum
3029 2383 3328 2460 scientia
3382 2385 3750 2463 excellere
3782 2387 3979 2463 volet
4003 2386 4226 2490 idque
4250 2411 4488 2490 genus

1262 2506 1495 2583 laudis
1566 2511 2065 2606 persequetur,
2140 2501 2212 2578 ei
2281 2502 2562 2579 illarum
2638 2503 2962 2578 omnium
3038 2526 3262 2578 unum
3315 2503 3687 2606 quoddam
3735 2506 3940 2608 quasi
3997 2530 4266 2606 corpus
4315 2505 4487 2593 erit,

1266 2629 1477 2724 cujus
1545 2620 1875 2698 membra
1944 2620 2100 2696 sive
2174 2633 2415 2721 partes
2486 2631 2854 2723 nequeant
2898 2619 3139 2696 divelli
3187 2630 3262 2697 et
3309 2624 3648 2723 separari.
3750 2624 3842 2700 Ei
3888 2635 4055 2700 sunt
4095 2624 4490 2700 litterarum

1266 2742 1547 2818 illarum
1572 2764 1846 2843 genera
1897 2738 2142 2814 omnia
2190 2748 2581 2873 partesque
2632 2737 3182 2842 cognoscenda,
3218 2739 3684 2844 eundemque
3721 2752 4009 2845 oportet
4031 2743 4250 2830 scire,
4296 2767 4489 2845 qnae

1270 2861 1411 2937 sint
1471 2859 1741 2960 optima
1808 2857 1883 2933 in
1960 2856 2131 2946 illis,
2185 2883 2373 2960 quae
2424 2856 2726 2934 minoris
2775 2855 3247 2945 aestimanda3
3300 2883 3488 2961 quae
3540 2860 3681 2936 sint
3725 2885 4000 2963 genera
4046 2860 4490 2961 scriptioniS,

1271 2979 1346 3055 in
1420 2977 1682 3079 quibus
1733 2975 2051 3052 maxime
2111 3000 2290 3052 suos
2358 3000 2526 3052 esse
2578 2974 2959 3079 contigerit
3006 2975 3385 3065 Romanis,
3437 2976 3512 3053 in
3563 2977 3826 3080 quibus
3878 2988 4128 3054 contra
4178 3004 4346 3054 sese
4398 2978 4496 3053 ad

1275 3095 1740 3173 imitationem
1794 3096 2249 3170 Graecorum
2301 3119 2657 3196 prospere
2732 3103 2857 3168 aut
2926 3119 3144 3170 secus
3194 3094 3652 3183 contulerint,
3702 3095 3776 3171 in
3828 3096 4091 3199 quibus
4143 3096 4491 3197 denique,

1277 3212 1620 3292 tirociniis
1694 3210 1883 3288 male
1960 3210 2241 3312 positis,
2320 3210 2491 3288 nihil
2541 3212 2698 3289 fere
2747 3212 3112 3313 potuerint
3156 3211 3472 3289 efficere.
3574 3215 3902 3317 Itemque
3951 3225 4238 3317 oportet
4285 3240 4493 3301 eum,

1283 3332 1377 3408 de
1449 3356 1597 3434 quo
1674 3328 2057 3433 loquimur,
2132 3355 2350 3432 quem
2402 3330 2650 3406 litteris
2699 3330 3198 3406 Romanorum
3248 3330 3461 3432 plane
3512 3332 3872 3408 eruditum
3924 3333 4288 3435 fingimuS,
4344 3358 4498 3409 non

1279 3449 1519 3528 solum
1568 3450 1858 3551 linguae
1927 3448 2152 3549 ipsius
2232 3448 2531 3524 scientia
2579 3447 2933 3524 imbutum
2985 3473 3150 3524 esse
3206 3473 3471 3552 resque
3521 3450 3743 3551 ipsas,
3795 3478 3980 3554 quae
4022 3453 4269 3528 litteris
4316 3476 4500 3526 con·

1284 3569 1614 3656 tinentur,
1664 3565 2228 3669 comprehensas
2274 3592 2361 3641 ac
2417 3584 2624 3642 notas
2670 3563 2975 3654 habere,
3023 3567 3159 3644 sed
3186 3567 3451 3645 veteris
3482 3568 3669 3647 illius
3704 3568 4312 3646 humanitatisvim
4337 3593 4499 3643 om·

1287 3712 1456 3763 nem
1505 3684 1897 3787 populique
1950 3682 2270 3759 indolem
2322 3709 2409 3760 ac
2458 3708 2774 3773 morem,
2827 3685 3138 3761 instituta
3188 3696 3262 3761 et
3307 3686 3577 3774 studia,
3641 3688 4041 3763 universam
4094 3688 4282 3763 vitae
4323 3711 4504 3761 con-

1287 3805 1777 3890 suetudinem,
1833 3801 2074 3876 omnia
2126 3800 2469 3903 denique,
2524 3828 2713 3906 quae
2785 3803 3048 3879 civium
3093 3801 3558 3881 hominumve
3604 3804 3926 3895 fuerunt,
3979 3804 4511 3906 comprehensa

1290 3922 1720 4024 penitusque
1771 3931 2115 4021 percepta
2163 3928 2432 3995 tenere.
2519 3921 2754 4023 Eique
2799 3945 2946 3996 non
2984 3921 3211 4025 magis
3241 3952 3384 3998 una
3410 3923 3706 4000 classica
3735 3924 3885 4012 illa,
3922 3951 4136 4028 quam
4169 3924 4511 4010 dicimus,

1294 4038 1585 4116 dicendi
1662 4037 1897 4115 forma
1974 4037 2369 4139 quaeritur,
2451 4064 2669 4140 quam
2742 4065 3041 4129 aureae,
3111 4065 3301 4142 qnae
3344 4051 3663 4130 vocatur,
3716 4043 3964 4119 aetatis
4011 4043 4286 4119 litterae
4337 4067 4514 4143 pro-

1291 4157 1571 4262 positae
1637 4158 1818 4232 solae
1877 4162 2075 4232 sunt:
2157 4169 2383 4232 omnia
2431 4154 2826 4232 litterarum
2871 4182 3145 4261 genera
3189 4166 3405 4261 atque
3458 4170 3728 4237 aetates
3776 4161 3872 4237 ad
3907 4186 4076 4237 eum
4125 4160 4514 4262 pertinent:

1297 4299 1523 4376 opera
1601 4273 1719 4349 illa
1795 4272 1964 4349 artis
2034 4274 2391 4350 oratoriae
2465 4300 2614 4350 non
2691 4275 2925 4353 minus
2999 4302 3215 4380 quam
3288 4303 3534 4354 rernm
3589 4289 3951 4382 gestarum
4016 4287 4519 4364 monumenta,

1298 4392 1648 4469 memoria
1698 4416 1941 4468 rerum
1991 4392 2440 4494 antiquarum
2489 4394 2757 4495 pariter
2799 4421 2886 4471 ac
2939 4395 3255 4471 carmina
3303 4405 3715 4497 poetarum,
3778 4406 3852 4473 ut
3893 4406 4090 4473 aetas
4117 4397 4236 4474 illa
4261 4421 4517 4484 aurea,

1296 4511 1394 4587 ita
1442 4522 1765 4613 tempora
1820 4509 2182 4585 inferiora.

1598 4646 1682 4720 In
1731 4644 1991 4720 eadem
2040 4644 2158 4719 illa
2207 4669 2451 4720 rerum
2504 4645 2719 4747 copia
2766 4645 2970 4723 aliter
3018 4654 3345 4722 versatur
3405 4647 3496 4735 is,
3552 4649 3674 4751 qui
3730 4674 3876 4724 non
3928 4649 4002 4725 in
4046 4649 4211 4738 illis,
4259 4649 4393 4725 sed
4443 4648 4521 4726 in

1302 4762 1445 4839 alio
1501 4762 1840 4864 quopiam
1890 4786 2161 4865 genere
2214 4762 2587 4838 doctrinae
2632 4762 2922 4840 laudem
2966 4764 3262 4866 quaerit.
3367 4764 3456 4841 Ei
3505 4777 3670 4842 sunt
3720 4792 3820 4842 ex
3869 4767 4116 4844 litteris
4171 4767 4526 4843 universis

1308 4880 1578 4982 optima
1627 4904 1962 4982 quaeque
2011 4881 2478 4982 excerpenda
2531 4891 2603 4958 et
2653 4881 2956 4983 partium
3007 4881 3337 4959 facienda
3391 4884 3649 4961 electio
3700 4911 3835 4987 pro
3865 4886 4113 4964 indole
4144 4898 4216 4961 et
4241 4885 4525 4964 ratione

1309 4997 1480 5073 artis
1529 4999 1718 5095 ejus,
1771 5022 1986 5100 quam
2046 4995 2180 5073 sibi
2230 4999 2648 5100 sumpserit,
2693 4999 2767 5075 in
2820 5024 2961 5101 qua
3013 4999 3360 5077 elaboret.

1610 5131 1780 5206 Hoc
1823 5130 2018 5206 idem
2055 5133 2306 5209 valet
2285 5160 2359 5208 ιιι
2408 5133 2639 5222 illum,
2693 5133 2815 5237 qui
2865 5131 3280 5210 adhibendo
3326 5135 3572 5212 litteris
3604 5137 3844 5213 studio
3879 5136 4052 5213 nihil
4074 5136 4267 5213 aliud
4299 5162 4530 5239 quae·

1312 5250 1433 5336 rit,
1482 5274 1697 5351 quam
1752 5259 1829 5325 ut
1870 5274 1963 5325 ne
2010 5249 2240 5326 hebes
2288 5251 2380 5328 sit
2429 5251 2778 5355 rudisque
2828 5253 3069 5328 reru'm
3121 5278 3403 5343 earum,
3445 5279 3631 5358 quae
3657 5255 3731 5331 in
3757 5256 3900 5332 vita
3924 5255 4290 5332 hominum
4322 5281 4496 5332 com
