4984 6517
1376 584 1563 670 304

1565 796 1753 868 Gen.
1798 794 1920 868 26.
1978 794 2298 869 Schistus
2342 794 2910 891 orthofelziticus.
3016 790 3381 893 (Schistus
3450 795 3881 897 argillaeeus
3974 796 4510 892 bituminosus).

1480 950 1541 1018 1.
1601 946 1923 1020 Schistus
1968 948 2407 1021 aluminicus.
2517 948 2599 1019 In
2645 944 3101 1032 sedimentis,
3177 944 3480 1021 lamellis
3526 947 3790 1047 planis,
3867 948 4182 1023 fractura
4229 949 4537 1051 longitu-

1271 1061 1488 1136 dinali
1534 1061 1749 1162 plana
1796 1062 1913 1136 ve}
1969 1061 2552 1148 conchaeformi,
2630 1086 2886 1161 parum
2939 1060 3054 1136 vel
3103 1062 3376 1165 pingue
3429 1064 3731 1152 nitente,
3784 1064 4244 1139 transversali
4318 1065 4538 1141 festu-

1272 1204 1479 1265 cosa,
1534 1177 1889 1253 schistosa
1937 1179 2049 1253 vel
2104 1189 2361 1256 terrea.
2468 1178 2743 1253 Lineae
2803 1202 3100 1253 rasurae
3158 1180 3467 1280 pingues
3521 1188 3594 1256 et
3660 1181 3928 1282 nigrae.
4033 1180 4360 1257 Maxime
4433 1181 4536 1257 bi-

1269 1296 1694 1382 tuminosuS,
1803 1295 2113 1370 Colores
2165 1296 2349 1399 nigri
2407 1296 2481 1370 in
2538 1294 2822 1372 fuscum
2874 1293 2993 1368 vel
3046 1294 3365 1372 caesium
3439 1305 3849 1399 vergentes,
3960 1298 4171 1373 Odor
4236 1299 4532 1402 argillae

1272 1413 1395 1487 vix
1446 1412 1693 1487 sentiri
1743 1421 2002 1512 potest.

1476 1566 1794 1639 Schistus
1839 1568 2256 1638 aluminicus
2305 1563 2626 1637 maxime
2685 1560 3021 1635 notabilis
3070 1563 3382 1660 pertinet
3434 1565 3527 1639 ad
3587 1573 3875 1640 montes
3928 1567 4364 1642 transitionis
4425 1568 4532 1642 Si·

1270 1678 1561 1755 luricoS.
1666 1682 1750 1755 In
1815 1680 2079 1755 Suecia
2151 1682 2342 1755 inter
2391 1703 2653 1754 saxum
2718 1702 3153 1789 arenae-eum
3208 1688 3282 1754 et
3329 1706 3590 1756 saxum
3646 1682 4032 1757 calcarium
4089 1683 4401 1758 densum
4453 1683 4522 1758 in

1274 1796 1640 1871 montibus
1688 1795 2316 1898 Westrogothiae‚
2369 1796 2445 1870 in
2497 1793 2785 1869 Nericia
2837 1805 2910 1869 et
2963 1795 3293 1870 Olandia.

1472 1951 1540 2020 2.
1602 1949 1818 2025 Creta
1876 1962 2111 2046 nigra.
2220 1948 2546 2023 Schistus
2594 1947 2804 2049 niger
2858 1948 3257 2023 carbonem
3305 1947 3723 2036 continenS,
3772 1957 4087 2034 terreus,
4165 1948 4408 2024 mollis
4462 1961 4532 2025 et

1271 2064 1673 2166 inquinans.
1783 2065 2030 2140 Cultro
2082 2065 2320 2140 secari
2372 2073 2633 2165 potest.

1470 2218 1537 2290 3.
1596 2219 1914 2291 Schistus
1967 2247 2285 2317 cupreus.
2392 2215 2729 2290 Lamellis
2777 2213 3039 2315 planis,
3105 2215 3416 2292 fractura
3470 2216 3828 2318 inaequali
3853 2274 3871 2302 ,
3950 2212 4524 2300 conchaeformi,

1267 2333 1637 2409 festucosa
1694 2332 1812 2407 vel
1875 2342 2133 2407 terrea.
2242 2331 2792 2406 Caesio-fuscus
2862 2332 2978 2406 vel
3061 2333 3270 2434 niger
3350 2335 3563 2410 variis
3638 2332 3899 2407 modis.
4010 2329 4524 2406 Orthofelzites

1266 2476 1493 2552 purus
1553 2476 1720 2525 cum
1773 2448 2126 2523 bitumine
2178 2446 2295 2522 vel
2347 2472 2642 2550 margae
2715 2448 3109 2525 consimilis
3155 2452 3252 2524 ob
3320 2451 3596 2526 calcem
3660 2449 4082 2526 admixtam.
4190 2448 4527 2522 Continet

1268 2568 1701 2670 plerumque
1754 2590 2081 2666 cuprum.

1467 2720 1775 2820 Propria
1822 2717 2159 2792 formatio
2217 2716 2290 2791 in
2323 2715 2536 2814 sylva
2584 2713 3072 2817 Thuringiaca
3123 2717 3781 2820 (Th'e’riugerwald)
3831 2718 4309 2820 pluribusque
4341 2718 4527 2791 Ger-

1267 2836 1552 2912 maniae
1601 2836 1784 2910 locis
1837 2842 1910 2909 et
1959 2833 2031 2908 in
2084 2836 2303 2908 Perm
2361 2832 2689 2906 Russiae.

1568 2991 1735 3062 Gen
1816 2986 1936 3061 27.
1995 2987 2315 3060 Schistus
2362 2985 2753 3060 thoniticus.

1474 3146 1535 3214 1.
1598 3141 1917 3214 Schistus
1966 3141 2411 3236 arg-illucens.
2517 3135 2869 3212 Thonites
2915 3137 3113 3213 ferro
3167 3139 3464 3228 tinctus,
3532 3142 3855 3243 griseus,
3926 3141 4186 3217 badius
4242 3137 4360 3212 vel
4409 3161 4525 3210 ru-

1264 3259 1433 3345 ber,
1486 3256 1849 3331 interdum
1897 3256 2217 3346 striatus,
2278 3253 2561 3329 laminis
2611 3253 2841 3353 planis
2894 3263 2968 3330 et
3017 3256 3312 3344 crassis,
3381 3256 3620 3333 nitore
3672 3257 3984 3361 exiguo,
4061 3257 4377 3333 fractura
4424 3254 4523 3327 la-

1265 3374 1571 3449 mellosa
1614 3381 1688 3447 et
1735 3387 1994 3458 terrea,
2101 3371 2347 3447 Pulvis
2399 3394 2698 3446 rasurae
2745 3370 3054 3472 griseus

1467 3525 1892 3602 Communis
1939 3523 2013 3598 in
2064 3523 2434 3598 montibus
2487 3524 3009 3602 PalaeozoiciS.
3119 3528 3201 3599 In
3249 3525 3516 3600 Suecia
3564 3527 3639 3601 in
3687 3525 4132 3601 Kinnekulle
4182 3532 4320 3598 ete.

1567 3682 1756 3753 Gen.
1815 3679 1934 3750 28.
1983 3678 2274 3772 Argilla
2326 3678 2688 3752 indurata.

1474 3838 1534 3904 1.
1587 3831 1905 3904 Schistus
1955 3826 2376 3925 carbong'fer.
2461 3826 3056 3928 (Schieferthon).
3124 3832 3405 3934 Argilla
3467 3833 3799 3907 indurata
3854 3827 4323 3914 bituminosa,
4379 3826 4518 3900 fra·

1263 3958 1466 4022 ctura
1511 3947 1756 4047 plana,
1810 3955 2077 4029 terrea,
2128 3952 2417 4018 textura
2463 3943 2869 4032 lamellosa,
2947 3946 3322 4024 schistosa.
3427 3948 3865 4030 Coeruleus‚
3933 3943 4192 4018 badius
4243 3942 4358 4018 vel
4415 3942 4518 4016 ni-

1261 4089 1413 4165 ger.
1518 4061 1878 4137 Mollescit
1923 4060 2119 4134 lente
2170 4059 2243 4134 in
2295 4085 2485 4160 aqua
2535 4061 2663 4148 ita,
2718 4071 2798 4137 ut
2850 4064 3024 4166 fingi
3071 4065 3318 4166 possit.

1563 4240 1626 4289 a.
1679 4214 1999 4287 Schistus
2058 4208 2464 4308 carbonffer
2522 4231 2740 4287 ustus.
2853 4215 3094 4302 UstuS,
3148 4239 3298 4289 non
3347 4214 3774 4316 liquefactus
3822 4214 3992 4316 igne
4040 4224 4361 4290 terreno.

1561 4367 1629 4442 b.
1685 4368 1972 4440 Scoriae
2023 4384 2355 4440 terrenae.
2466 4366 2792 4443 Schistus
2841 4365 3259 4441 carbonifer
3309 4365 3465 4442 sere
3516 4366 3949 4468 liquefactus
3990 4379 4064 4442 et
4103 4374 4513 4440 concretus.

1564 4543 1625 4592 c.
1679 4520 1918 4618 Iaspis
1948 4520 2412 4619 porcellanea.
2520 4518 2846 4595 Schistus
2903 4519 3322 4595 carbonifer
3370 4518 3533 4619 plus
3583 4518 3915 4592 minusve
3974 4517 4403 4619 liquefactus
4451 4524 4521 4589 et

1260 4638 1492 4710 fissus.

1461 4787 1780 4860 Schistus
1831 4781 2236 4881 carbong'fer
2291 4784 2593 4860 alternat
2646 4810 2810 4859 cum
2860 4785 3096 4860 stratis
3147 4787 3514 4889 congestis
3588 4785 4107 4861 Lithanthracis
4159 4784 4301 4859 huc
4350 4810 4513 4884 per-

1259 4901 1668 4979 tinentibus
1773 4898 2127 4974 Dividunt
2170 4900 2369 4975 illum
2405 4911 2621 4977 strata
2647 4902 2891 4977 tenuia
2920 4900 3178 5002 lapidis
3211 4902 3576 5006 argillacei
3614 4903 3853 4978 ferrei.
3957 4903 4148 4977 Intra
4175 4900 4514 4976 Sueciam

1261 5018 1498 5094 solum
1553 5016 1649 5092 ad
1694 5016 2043 5119 Hoganiis
2097 5018 2423 5093 Scaniae.

1460 5170 1529 5244 2.
1586 5170 1905 5244 Schistus
1952 5183 2175 5240 ustus.
2280 5167 2859 5265 (Brandskifl'er).
2961 5166 3243 5269 Argilla
3293 5168 3654 5253 indurata,
3707 5168 4176 5254 bituminosa,
4249 5167 4513 5242 carbo-

1254 5286 1514 5370 nifera,
1564 5285 1846 5362 laminis
1900 5282 2239 5359 tenuibus
2288 5294 2361 5360 et
2403 5285 2653 5371 rectiS,
2718 5284 2923 5385 nigra
2973 5292 3051 5358 ut
3097 5284 3260 5383 pix3
3336 5284 3569 5384 pulvis
3617 5311 3915 5361 rasurae
3992 5283 4312 5386 pinguiS,
4396 5284 4502 5357 ni·
