4984 6517
3477 570 3646 656 297

684 780 1105 857 Membrum
1157 784 1528 886 antiquum
1579 783 1798 860 seriei
1865 782 2319 858 formationis
2393 779 3096 882 hydrobiselziticae.
3219 784 3390 859 Huc
3460 782 3768 883 pertinet

469 923 641 998 pars
699 899 1065 999 quaedam
1119 903 1532 1003 Protogyni
1581 901 1902 1001 Alpium.
2007 902 2090 975 In
2145 898 2661 1000 Septentrioue
2705 897 2967 977 format
3046 911 3335 977 montes
3410 899 3760 975 niviferos

473 1015 793 1091 Jemtiae
844 1027 918 1093 et
970 1017 1419 1122 Norvegiae3
1473 1018 1792 1094 occurrit
1843 1018 2056 1093 etiam
2113 1017 2189 1092 in
2233 1015 2662 1119 regionibus
2716 1019 3090 1095 metallicis
3135 1019 3491 1094 Nericiae.

789 1153 976 1227 Gen.
1039 1153 1153 1229 15.
1212 1156 1532 1230 Schistus
1581 1151 2244 1252 hydrobtjfelziticus.
2350 1149 3018 1251 (Hydrobifelzites
3065 1153 3521 1255 schistosus).

694 1289 756 1360 1.
807 1288 1128 1363 Schistus
1164 1289 1661 1391 pilbolithicus.
1765 1286 2200 1364 Pilbolithus
2252 1285 2556 1361 lamellis
2610 1285 2771 1385 plus
2830 1288 3165 1362 minusve
3222 1288 3493 1372 curvis,
3564 1284 3751 1359 nito-

478 1401 574 1475 ris
627 1411 755 1477 aut
810 1405 1137 1507 argentei
1185 1416 1307 1482 aut
1355 1405 1623 1507 pallidi,
1679 1414 1753 1480 et
1803 1404 2077 1480 coloris
2128 1404 2247 1479 vel
2297 1403 2520 1506 grisei
2574 1406 2684 1480 vel
2727 1405 3156 1482 virescentis
3212 1405 3327 1480 vel
3374 1403 3524 1478 fere
3556 1400 3756 1502 nigri.

483 1520 726 1595 Purus
775 1547 1072 1622 semper
1117 1535 1596 1626 transparens.

682 1656 1013 1731 Pertinet
1065 1657 1161 1731 ad
1217 1657 1528 1733 eandem
1579 1657 2093 1734 formationem
2153 1683 2240 1733 ac
2300 1658 2790 1758 praecedens.

682 1793 751 1865 2.
798 1794 1203 1893 Leptinites.
1301 1789 1727 1891 LeptiniteS,
1783 1795 1994 1890 cujus
2047 1791 2258 1868 color
2288 1791 2497 1866 albus
2552 1793 2803 1868 transit
2831 1793 2904 1867 in
2948 1791 3305 1896 griseum,
3349 1789 3614 1864 flavum
3649 1785 3764 1860 vel

487 1909 819 1984 rubrum.
918 1909 979 1983 F
982 1919 1268 1985 ractura
1313 1908 1638 1984 minutim
1680 1909 2053 1984 festucosa
2099 1909 2216 1985 vel
2265 1934 2582 2011 granosa
2634 1910 2747 1984 vel
2799 1910 3190 1986 lamellosa.
3289 1909 3582 1982 Recens
3636 1904 3769 1978 du-

482 2051 643 2128 rus„
682 2028 921 2102 cultro
976 2052 1125 2101 non
1176 2026 1480 2116 raditur,
1528 2051 1666 2101 nec
1719 2052 1764 2100 a
1810 2026 2129 2127 chalybe
2178 2026 2521 2102 scintillas
2574 2027 2887 2116 excutit,
2962 2028 3024 2104 si
3085 2027 3298 2102 abest
3363 2027 3764 2117 Quarzum.

487 2145 812 2236 Quando
880 2145 955 2219 in
1018 2152 1189 2219 aere
1263 2145 1482 2220 dilabi
1558 2144 1831 2245 coepit,
1906 2143 2308 2246 appellatur
2389 2147 2850 2234 Glazursten3
2897 2156 3069 2221 tunc
3148 2144 3359 2219 albus
3440 2151 3514 2216 et
3599 2140 3766 2214 fria-

486 2260 660 2336 bilis
716 2271 852 2337 est.

798 2421 858 2470 a.
924 2395 1413 2473 Granulithus.
1514 2393 1847 2470 Textura
1917 2419 2269 2496 granosa;
2349 2404 2659 2472 attamen
2739 2394 3098 2471 schistosa
3180 2383 3515 2493 apparet,
3600 2387 3769 2488 quia

487 2524 687 2590 certa
744 2509 1152 2589 directione
1203 2514 1466 2590 adsunt
1517 2513 1989 2589 membranae
2039 2526 2297 2589 tenues
2349 2513 2758 2614 Leptinitae
2813 2523 2937 2589 aut
2984 2508 3370 2587 Pilbolithi.

793 2647 862 2724 b.
930 2650 1250 2724 Schistus
1300 2652 1742 2751 leptiniticus.
1843 2647 2271 2748 Leptinites‚
2329 2651 2542 2747 cujus
2595 2656 2887 2723 textura
2935 2645 3314 2721 lamellosa
3384 2639 3500 2714 vel
3577 2633 3768 2710 schi-

489 2774 719 2853 stosa,
775 2791 1000 2866 saepe
1052 2766 1128 2841 in
1178 2766 1387 2841 lineis
1429 2768 1615 2842 intra
1665 2766 2071 2866 Leptiniten
2131 2765 2449 2844 solidum
2554 2767 2874 2840 Granata
2920 2788 3144 2865 parva
3207 2761 3534 2860 dispersa
3602 2762 3773 2828 sunt

488 2907 562 2957 m
616 2908 881 2959 massa.

688 3021 1085 3120 Leptinites
1140 3019 1461 3094 occurrit
1511 3044 1678 3094 cum
1736 3018 2247 3119 praecedente.
2356 3015 3043 3128 Utraqueovarietas
3102 3013 3245 3088 late
3301 3031 3630 3108 expansa
3661 3019 3772 3078 est

494 3137 566 3211 in
641 3135 1018 3211 montibus
1098 3133 1417 3211 niviferis
1493 3135 1837 3223 Jemtiae‚
1915 3136 2103 3210 intra
2168 3131 2589 3235 paroeciam
2669 3133 2863 3221 Are,
2923 3131 3244 3232 itemque
3301 3128 3372 3202 in
3429 3121 3774 3226 paroecia

493 3253 794 3353 Hjulsjo
847 3253 1347 3355 praefecturae
1399 3254 1988 3357 OrebrogiensiS.

697 3388 770 3461 3.
825 3388 1142 3463 Schistus
1220 3391 1646 3485 arg-illucens
1707 3401 2143 3490 primitivus.
2258 3384 2506 3460 Massa
2575 3378 3134 3459 fundamentalis
3210 3385 3323 3453 est
3398 3373 3772 3475 Argillites

496 3503 919 3581 schistosus.
1026 3505 1256 3579 Color
1303 3505 1620 3607 griseuS,
1671 3503 2116 3606 nigrescens.
2224 3499 2575 3577 Fractura
2627 3497 3164 3602 longitudinalis
3214 3519 3472 3595 parum
3500 3492 3770 3576 nitenS,

503 3621 1004 3698 transversalis
1064 3622 1318 3698 nitoris
1372 3646 1679 3722 experS,
1734 3622 2129 3697 lamellosa.
2237 3619 2488 3694 Cultro
2544 3617 2881 3693 secabilis
2945 3624 3074 3690 est.
3177 3612 3423 3688 Pulvis
3473 3633 3772 3685 rasurae

502 3742 812 3843 griseus.

804 3899 867 3950 a.
927 3876 1245 3950 Schistus
1294 3873 1720 3971 arg-illucens
1757 3883 2174 3976 primitivus
2218 3885 2518 3970 griseus.
2623 3868 2933 3946 Griseus
2984 3864 3341 3941 transiens
3395 3860 3468 3934 iu
3510 3882 3773 3933 coeru-

498 3994 699 4069 leum
749 4006 822 4067 et
870 3992 1119 4067 viride.

804 4127 877 4204 b.
927 4129 1247 4201 Schistus
1297 4127 1723 4222 arg-maccus
1752 4138 2169 4228 primitivus
2219 4136 2440 4223 niger.
2539 4118 2828 4196 Fuscus
2874 4115 2990 4191 vel
3072 4114 3302 4217 niger.
3411 4108 3776 4185 Lamellae

500 4255 880 4345 separatae
930 4240 1175 4319 nitent.

802 4404 863 4453 c.
919 4379 1237 4453 Schistus
1292 4375 1655 4451 tabularis.
1756 4374 1984 4480 Niger
2038 4382 2112 4450 et
2162 4374 2237 4450 in
2296 4371 2621 4448 lamellas
2676 4377 2935 4443 tenues
2982 4362 3303 4439 maxime
3356 4359 3614 4433 fissilis.

805 4513 874 4588 d.
933 4512 1250 4588 Schistus
1313 4510 1463 4588 Cos.
1574 4509 1998 4601 Quadratim
2052 4507 2373 4595 Striatus,
2427 4499 3000 4608 griseo-viridis,
3055 4497 3367 4571 fractura
3431 4490 3772 4592 styloide.

806 4656 872 4705 e.
930 4631 1392 4704 Novaculites.
1501 4624 1829 4702 Schistus
1866 4623 2369 4709 tenuissimus,
2424 4617 2924 4703 flavo-viridis,
2976 4613 3206 4716 planis
3234 4609 3563 4686 lamellis
3661 4608 3777 4683 In-

505 4761 611 4826 tra
663 4748 965 4825 laminas
1024 4744 1291 4822 Schisti
1343 4739 1548 4846 nigri.

808 4865 855 4942 f.
911 4867 1231 4941 Schistus
1284 4864 1758 4937 schematicus.
1865 4856 2169 4934 Striatus
2220 4856 2291 4931 in
2348 4853 2698 4956 quadrata
2749 4873 2967 4950 parva
3021 4856 3094 4922 et
3144 4843 3518 4920 normalia.
3617 4842 3779 4917 Fla·

506 5012 642 5061 vus
694 4985 771 5059 in
817 4983 1049 5059 viride
1102 4980 1219 5056 vel
1265 4978 1570 5055 rubrum
1624 4998 1961 5078 vergens,
2071 4970 2382 5049 Includit
2442 4968 2815 5047 Schistum
2893 4963 3398 5065 leptiniticum‚
3481 4960 3599 5034 cui
3679 4957 3780 5033 af-

509 5103 670 5179 finis
722 5111 852 5177 est.

532 5185 533 5190 ¹
708 5220 1027 5294 Schistus
1079 5245 1238 5313 arg.
1277 5227 1500 5317 prim.
1549 5208 1625 5286 in
1677 5205 1946 5284 Suecia
1994 5217 2349 5283 extensus
2401 5218 2513 5277 est
2554 5200 2983 5303 praesertim
3034 5199 3109 5274 in
3149 5196 3364 5273 Dalia
3393 5193 3567 5271 etin
3596 5189 3781 5267 valle

509 5341 784 5437 Horsjti
828 5332 1171 5421 Jemtiae,
1213 5331 1287 5406 in
1345 5327 1690 5431 paroecia
1741 5324 2074 5403 Alsheda
2126 5319 2621 5400 Smolandiac.
