4984 6517
1278 1594 1337 1661 ⁴.

1282 3821 1342 3883 2.

1380 565 1503 651 48

2305 819 2546 922 Stipes
2595 821 2689 896 A.
2793 821 3200 902 Pompo-m
3251 847 3487 902 ovnn.

1581 964 2059 1066 Mesopodes,
2113 973 2411 1058 carnosi,
2459 983 2834 1045 terrestres.
2944 970 3156 1073 Spec.
3215 980 3441 1049 l—lO
3490 978 3554 1048 in
3610 975 3781 1074 Syn.
3834 974 4128 1075 Hymen.
4232 973 4344 1051 Ex
4407 977 4532 1052 hac

1484 1088 1694 1186 stirpe
1739 1087 1897 1160 nulli
1944 1088 2117 1161 allati
2168 1099 2322 1161 sunt
2375 1115 2414 1163 e
2470 1092 2860 1189 regionibus
2916 1091 3179 1179 calidis3
3259 1094 3428 1167 duas
3500 1120 3666 1167 vero
3722 1119 3762 1167 e
3810 1091 4072 1168 Sikkim
4136 1091 4532 1198 Himalayae

1484 1204 1670 1279 dedit
1718 1202 2199 1292 BERKELEY,
2275 1206 2359 1278 P.
2422 1204 2803 1309 Campbelli
2851 1206 3093 1298 Berk,
3173 1214 3287 1312 qui
3364 1213 3641 1311 insignis
3720 1237 3894 1284 nova
3968 1215 4275 1312 species,
4329 1227 4399 1287 et
4447 1216 4531 1287 P.

1457 1323 1817 1423 fuliginei
1854 1350 1994 1397 var.
2041 1327 2383 1423 majorem.
2519 1322 2721 1400 Duas
2772 1326 2910 1401 hoc
2959 1328 3116 1402 loco
3169 1332 3460 1405 inseram
3508 1356 3548 1403 e
3605 1328 3922 1403 Carolina
3975 1358 4014 1404 a
4063 1329 4243 1406 Rev.
4299 1330 4529 1408 Curtis

1486 1468 1747 1516 mussas.

1468 1587 1550 1662 P.
1607 1586 1904 1684 (Ovmr)
1953 1606 2430 1662 svam-,umas
2450 1644 2468 1672 ,
2523 1583 3333 1677 fulvo-cinnamomeus,
3388 1588 3583 1692 pileo
3638 1614 3953 1666 carnoso
4010 1588 4244 1693 fragili
4297 1590 4532 1666 umbi-

1482 1703 1695 1778 licato
1748 1702 2542 1790 tomentoso-velutino,
2597 1712 2947 1780 contextu
2977 1706 3306 1783 floccoso
3361 1708 3771 1797 concolori,
3829 1709 4067 1812 stipite
4112 1719 4356 1798 curto,
4398 1735 4532 1812 po·

1481 1821 1583 1898 ris
1634 1820 1906 1921 stipatis
1953 1819 2244 1895 minutis
2302 1818 2891 1899 fuscobrunneiS.

1580 1963 1873 2041 Habitat
1927 1962 2025 2038 ad
2075 1971 2340 2039 terram
2398 1966 2473 2039 in
2527 1963 2865 2040 Carolina
2912 1964 3221 2041 australi.
3340 1966 3602 2043 Cur-cis.

1584 2107 1981 2183 Substantia
2032 2111 2732 2209 spongioso-carnosa
2782 2109 2822 2182 l.
2873 2112 3101 2209 potius
3152 2137 3472 2199 caseosa,
3525 2113 3704 2186 sicca
3759 2109 3977 2185 mollis
4043 2108 4327 2209 fragilis,
4401 2136 4537 2184 non

1482 2231 1863 2329 liguescens
1915 2228 2164 2327 (pileus
2218 2230 2514 2301 siccitate
2566 2228 2763 2301 valde
2821 2231 3270 2328 incurvatur),
3325 2243 3645 2304 contextu
3693 2229 3997 2305 floccoso
4049 2231 4536 2303 cinnamomeo.

1486 2346 1725 2448 Stipes
1780 2360 2041 2433 curtus,
2094 2347 2384 2432 obesus,
2434 2349 2700 2419 unciam
2753 2374 3022 2421 crassus
3077 2359 3143 2420 at
3193 2350 3307 2422 vix
3359 2349 3641 2448 longus,
3717 2349 3899 2450 pileo
3968 2348 4312 2422 concolor.
4417 2345 4536 2420 Pi-

1482 2470 1631 2541 leus
1675 2493 1838 2540 vere
1896 2491 2254 2551 carnosus,
2310 2463 2492 2536 haud
2540 2464 2903 2537 admodum
2957 2492 3264 2553 crassus,
3319 2467 3748 2567 explanatus,
3798 2465 4136 2567 profunde
4189 2468 4539 2541 umbilica-

1485 2599 1625 2672 tus,
1678 2585 2102 2671 orbicularis,
2161 2587 2201 2654 4
2247 2608 2398 2655 unc.
2457 2584 2721 2657 circiter
2786 2585 2956 2657 latus
3004 2596 3074 2657 et
3119 2585 3321 2672 ultra,
3392 2611 3647 2660 azonus
3700 2611 3832 2659 nec
3887 2587 4317 2659 concentrice
4401 2585 4538 2658 sul-

1484 2716 1694 2790 catus,
1746 2702 1871 2778 sed
1912 2729 2151 2776 versus
2200 2703 2568 2800 marginem
2622 2704 2812 2801 quasi
2889 2700 3247 2777 undulatus
3315 2702 3612 2802 undique
3697 2715 3998 2777 tomento
4052 2704 4268 2777 denso
4321 2704 4539 2803 persi-

1487 2833 1705 2895 stente
1756 2822 2180 2896 subvelutino
2232 2821 2534 2893 vestitus.
2653 2817 2823 2893 Pori
2875 2819 3343 2906 decurrentes,
3395 2823 3627 2894 minuti
3646 2878 3663 2909 ,
3719 2824 3980 2921 stipati,
4030 2823 4269 2897 lineam
4324 2822 4362 2895 l.
4417 2848 4538 2923 pa-

1486 2967 1635 3015 rum
1690 2940 1857 3014 ultra
1899 2939 2113 3038 longi,
2164 2940 2425 3037 absque
2477 2950 2729 3012 tramae
2774 2940 3097 3037 vestigio,
3148 2942 3358 3027 acuti,
3400 2938 3934 3014 fusco-brunnei.
4066 2938 4363 3041 Species
4413 2966 4538 3013 no-

1483 3060 1837 3146 bilissima,
1885 3057 2044 3131 nulli
2116 3058 2242 3130 nisi
2317 3056 2545 3131 forsan
2597 3058 2684 3129 P.
2735 3067 3192 3130 cinnamomo
3241 3055 3437 3158 Jacq.
3506 3060 3728 3159 (poris
3795 3058 4037 3158 amplis
4100 3069 4323 3134 tamen
4379 3085 4540 3132 mox

1483 3178 1829 3274 distincto)
1905 3174 2148 3261 affinis3
2222 3201 2444 3248 novae
2515 3176 2743 3274 stirpis
2810 3177 3241 3275 prodromus.
3343 3173 3637 3252 Habitus
3691 3175 3964 3277 quidem
4041 3178 4128 3249 P.
4179 3188 4538 3263 circinati,

1483 3295 1549 3371 F
1552 3324 1710 3396 ung.
1760 3292 1985 3367 Natal.
2005 3352 2023 3382 ,
2075 3292 2201 3367 sed
2253 3294 2624 3367 substantia
2673 3294 3146 3369 diversissima.
3251 3294 3338 3366 P.
3389 3294 3861 3382 Schweinizii,
3909 3298 4039 3370 sub
4094 3322 4231 3396 quo
4268 3300 4539 3371 nomine

1486 3418 1757 3515 accepi,
1809 3439 2010 3513 qnam
2061 3414 2346 3486 maxime
2397 3412 2657 3487 recedit
2706 3427 2776 3487 et
2825 3414 3196 3488 substantia
3240 3426 3630 3513 compacta,
3712 3415 4019 3514 primitus
4097 3415 4369 3514 quidem
4414 3443 4540 3491 un-

1482 3532 2167 3631 ctuoso-spongiosa,
2220 3529 2347 3604 sed
2399 3531 2622 3604 adulta
2697 3533 3034 3606 suberosa
3097 3531 3382 3618 fibrosa,
3456 3533 3645 3630 poris
3706 3532 3946 3632 amplis
4024 3544 4235 3607 trama
4308 3561 4541 3609 crassa

1483 3652 1863 3751 ferruginea
1914 3648 2237 3722 distinctis
2286 3662 2357 3723 et
2404 3651 2642 3749 genesi
2687 3646 3142 3723 diversissima
3157 3706 3176 3737 ,
3235 3676 3452 3749 quare
3496 3675 3746 3744 genere
3795 3668 4216 3727 moveantur.

1480 3806 1559 3879 P.
1616 3802 1916 3902 (Ovm)
1970 3821 2324 3885 eomas,
2403 3797 2600 3898 pileo
2672 3821 2984 3871 carnoso
3057 3795 3257 3872 lento
3320 3797 3971 3902 sinuato-repando
4028 3803 4287 3907 glabro
4340 3806 4539 3882 cine-

1487 3918 1899 4004 reo-fusco,
1973 3915 2210 4016 stipite
2275 3915 2567 3990 firmulo
2620 3914 2877 4017 glabro
2934 3940 2979 3990 e
3028 3915 3231 4017 poris
3295 3916 3854 3996 decurrentibus
3905 3931 4250 4022 punctato
4301 3923 4540 4025 poris-

1492 4063 1639 4140 que
1685 4034 1946 4110 mediis
2005 4034 2227 4109 curtis
2279 4033 2509 4108 acutis
2555 4031 2838 4107 albidis.

1587 4177 1715 4254 Ad
1764 4185 2032 4252 terram
2077 4176 2152 4251 in
2203 4175 2561 4252 montosis
2614 4175 3017 4251 carolinae.
3135 4177 3380 4255 Cur-tis
3431 4203 3500 4256 n.
3560 4186 3701 4254 552.

1587 4319 1825 4420 Stipes
1872 4320 2180 4393 centralis
2245 4320 2286 4392 l.
2343 4321 2798 4405 elmenh-icus,
2849 4318 3179 4407 firmulus,
3266 4321 3729 4422 subaequaIiS,
3787 4323 4003 4420 l—l}
4051 4347 4200 4396 unc.
4257 4322 4538 4423 longus,

1487 4449 1528 4515 3
1570 4441 1677 4514 lin.
1734 4465 2036 4525 crassus,
2083 4438 2348 4537 glaber,
2402 4464 2443 4511 e
2496 4439 2686 4537 poris
2733 4436 3247 4512 decurrentibus
3301 4449 3695 4538 punctatus,
3764 4438 4315 4539 albido-griseus.
4413 4439 4536 4514 Pi-

1484 4562 1630 4634 lcus
1683 4583 2041 4644 carnosus,
2091 4558 2314 4629 siccus
2364 4555 2617 4643 lentus,
2697 4558 2948 4643 tenuis,
2999 4555 3489 4656 planiusculus,
3543 4559 3942 4657 inaequalis,
3996 4561 4539 4661 sinuato-repan-

1487 4680 1645 4765 dus,
1702 4676 1942 4762 laevis,
1991 4675 2258 4774 glaber,
2311 4701 2599 4760 azonus,
2651 4674 3192 4750 cinereo-fuscus
3216 4733 3235 4763 ,
3287 4679 3505 4775 43—23
3556 4703 3707 4750 unc.
3762 4678 3951 4753 latus.
4056 4675 4226 4752 Pori
4278 4678 4538 4754 medio-

1484 4823 1671 4883 cres,
1719 4794 2081 4867 admodum
2136 4794 2337 4879 curti,
2392 4791 2792 4865 subronmdi
2836 4793 2875 4865 Ι.
2926 4794 3250 4893 angulati,
3323 4794 3557 4883 albidi,
3628 4823 3747 4871 ore
3792 4809 3992 4871 acuto
4044 4823 4176 4872 nec
4220 4797 4535 4873 lacerato.

1486 4912 1799 4988 Medium
1850 4923 2034 4986 tenet
2083 4912 2307 4983 locum
2358 4911 2531 4984 inter
2577 4911 2662 4982 P.
2699 4911 3005 5011 politum
3031 4924 3100 4985 et
3123 4913 3209 4984 P.
3230 4912 3710 5010 fuligineum,
3765 4921 3959 5015 cujus
4013 4916 4357 4991 coloribus
4409 4919 4534 4989 tin-

1490 5046 1671 5118 ctuS,
1725 5043 1792 5104 at
1844 5032 2066 5129 stipite
2117 5056 2377 5129 poroso
2436 5031 2522 5103 ab
2567 5042 2858 5129 utroque
2909 5029 3184 5104 recedit.

2312 5172 2544 5274 Stirps
2593 5174 2675 5249 B.
2774 5176 3181 5251 Pommom
3230 5196 3477 5250 naun.
3539 5164 3543 5170 ’

1588 5313 2058 5415 Mesopodes,
2106 5344 2144 5390 e
2199 5342 2486 5389 carnoso
2542 5316 2697 5388 lenti
2747 5313 3031 5390 indurati
3084 5316 3365 5417 epixyli,
3442 5322 3708 5415 stipitis
3782 5309 3937 5387 basi
3986 5314 4354 5399 concolori,
4413 5343 4540 5389 noc
