4984 6517
3410 584 3522 674 81

582 807 983 912 suffocata&
1037 835 1077 884 e
1126 809 1413 884 maxima
1462 817 1655 908 parte
1697 807 1918 907 poris,
1975 831 2155 880 nunc
2193 805 2562 905 contiguis,
2612 829 2792 877 nunc
2846 804 3138 903 sparsis,
3190 805 3489 891 obsitum
3566 802 3635 877 hi

583 929 732 1030 pori
784 955 825 1002 e
876 941 1177 1002 tomento
1257 929 1416 1028 pilei
1469 937 1873 1002 canescente
1953 928 2145 1025 quasi
2214 924 2511 1012 formati,
2584 923 2855 998 demum
2932 923 3338 999 fuscescunt.
3443 923 3635 999 Con-

585 1058 804 1122 textus
853 1050 1107 1136 tenuis,
1159 1044 1899 1131 floccoso-fibrillosus‚
1952 1043 2704 1144 helvolo-serrugineus,
2749 1046 2939 1143 poris
2997 1047 3360 1143 angustior.
3462 1043 3633 1120 Pori

584 1165 766 1240 nudo
820 1167 1026 1239 oculo
1080 1166 1464 1264 conspicui,
1516 1165 1771 1262 stipati,
1817 1166 1930 1238 vix
1979 1164 2217 1238 lineam
2269 1161 2607 1263 profundi,
2659 1173 2865 1234 trama
2916 1175 3234 1237 contextu
3287 1165 3635 1239 concolori

578 1283 928 1358 manifesta
981 1281 1303 1370 distincti,
1358 1283 1578 1381 primo
1631 1280 1823 1369 nudi,
1875 1280 2032 1354 dein
2084 1308 2250 1356 vero
2303 1283 2742 1355 obscuriores
2763 1339 2782 1369 ,
2835 1309 2949 1354 ore
2998 1278 3477 1357 alboin-orato.
3535 1326 3631 1340 -

580 1401 816 1477 Primo
867 1402 1108 1474 obtutu
1153 1400 1532 1474 affinitatem
1588 1427 1742 1474 cum
1795 1400 2043 1501 Polyp.
2089 1399 2277 1495 gilvo
2329 1399 2645 1488 odoravi,
2696 1399 2821 1474 sed
2873 1426 3199 1498 potorum
3247 1402 3635 1502 morphosis

585 1534 654 1596 et
706 1536 918 1596 trama
960 1520 1161 1618 hujus
1214 1522 1459 1619 stirpis.

418 1679 493 1748 26.
586 1669 668 1743 Ρ.
721 1667 1128 1768 (ΒΤυΡοει)
1197 1687 1525 1752 unctus,
1587 1663 1783 1766 pileo
1867 1662 2231 1738 suberoso
2305 1662 2506 1738 tenui
2583 1662 3042 1739 molliusculo
3102 1663 3429 1766 impolito
3483 1665 3637 1770 gla-

583 1786 756 1873 bro,
811 1785 1020 1860 sulco
1078 1808 1229 1858 uno
1283 1783 1609 1858 alterove
1685 1780 2151 1856 concentrico
2214 1804 2403 1883 vage
2458 1789 2761 1856 exarato
2778 1842 2795 1872 ,
2847 1806 2949 1858 ex
2999 1782 3339 1860 umbrino
3420 1810 3640 1861 cane-

587 1912 854 1992 scente,
908 1902 1236 2006 margine
1288 1909 1504 1976 acuto
1557 1899 2051 2003 nigrescente,
2108 1906 2461 1975 contextu
2500 1897 3183 1976 umbrino-sordido
3200 1962 3219 1992 ,
3279 1903 3480 2006 poris
3528 1913 3635 1980 te-

584 2021 792 2098 nellis
845 2018 1350 2123 inaequalibus
1393 2017 1933 2122 griseo-fusciS‚
1984 2015 2331 2093 immixtis
2377 2014 2656 2093 lacunis
2707 2018 3124 2118 majoribus

688 2165 815 2242 Ad
867 2175 1169 2240 truncos
1219 2163 1551 2264 putridos
1595 2154 1671 2238 in
1725 2164 1947 2238 Costa
1995 2161 2195 2238 Rica.
2312 2145 2581 2237 ἅπασά.

689 2288 1275 2386 Praecedentibus
1320 2310 1520 2383 variis
1571 2311 1749 2382 notis
1799 2306 2092 2394 accedit,
2144 2306 2271 2382 sed
2323 2308 2516 2381 color
2554 2320 2624 2381 et
2674 2309 3027 2383 crescendi
3062 2311 3307 2386 modus
3355 2313 3639 2388 seriato·

592 2429 946 2528 elongatus
998 2429 1357 2502 Lamiam
1417 2424 1789 2501 abietinam
1841 2425 2152 2499 referunt.
2256 2424 2491 2500 Pileus
2568 2429 3326 2518 suberoso-coriaceus,
3392 2434 3638 2507 ceteris

589 2549 857 2622 mollior
909 2561 979 2624 et
1031 2547 1280 2646 fragilis
1296 2547 1335 2634 Ξ,
1386 2545 2011 2647 plano-convexus,
2069 2545 2333 2617 unciam
2386 2545 2591 2634 latus,
2634 2573 2791 2620 non,
2844 2547 3122 2622 villosus
3170 2550 3327 2647 (nisi
3376 2552 3641 2649 juveni·

589 2667 776 2767 lis?),
829 2665 957 2741 sed
1008 2665 1404 2765 superficies
1456 2663 1928 2763 inaequabilis,
1982 2663 2283 2762 impolita
2331 2674 2400 2736 et
2450 2690 2700 2763 opaca,
2750 2664 2954 2738 sulcis
3016 2669 3253 2766 paucis
3323 2679 3391 2742 at
3458 2669 3639 2742 acci·

589 2785 967 2861 dentalibus
1019 2784 1577 2858 transversalibus
1653 2793 1957 2869 notatus,
2009 2783 2250 2855 subtus
2302 2808 2664 2857 concavus.
2771 2781 3148 2858 Contextus
3194 2795 3238 2859 2
3287 2788 3395 2859 lin.
3453 2813 3638 2861 cras-

587 2930 736 2993 sus,
789 2902 1066 2977 sordide
1117 2904 1485 2977 umbrinus.
1569 2898 1738 2975 Pori
1787 2901 1957 2973 ultra
2012 2901 2253 2974 lineam
2297 2900 2517 3002 longi,
2568 2903 2774 3002 vulgo
2817 2905 3080 2992 minuti,
3128 2905 3254 2979 sed
3303 2907 3637 2982 immixtae

592 3034 748 3097 sunt
827 3020 1105 3094 lacunae
1182 3020 1383 3119 triplo
1475 3024 1768 3119 majores
1845 3019 2173 3093 rotundae
2224 3020 2265 3093 l.
2333 3022 2705 3121 oblongae,
2779 3023 3078 3095 siccitate
3159 3022 3333 3098 sorte
3412 3038 3638 3116 ortae,

589 3140 1071 3240 dissepimenta
1117 3141 1294 3212 enim
1345 3139 1618 3229 tenella,
1668 3140 1734 3212 in
1783 3140 1941 3212 vivo
1994 3139 2221 3213 forsan
2268 3141 2492 3213 mollia
2542 3152 2727 3229 sunt,
2777 3139 2938 3214 licet
2990 3153 3200 3215 trama
3264 3141 3438 3217 adsit
3496 3171 3638 3218 ma·
3688 3162 3690 3165 ’

589 3258 856 3333 nifesta!

512 3396 542 3429 ⁶
586 3396 666 3472 P.
724 3417 1138 3474 vtxus'rus.
1244 3393 1483 3470 Berk!
1540 3393 1743 3468 Ceut.
1800 3393 1852 3468 I.
1910 3417 1980 3467 n.
2038 3400 2137 3468 42.

692 3535 1160 3638 Sequentibus
1213 3539 1424 3612 affinis
1490 3539 1794 3637 species,
1845 3548 1915 3610 et
1957 3535 2099 3610 sere
2147 3536 2508 3623 concolor,
2557 3547 2625 3609 at
2683 3535 2903 3635 pileus
2976 3539 3189 3636 magis
3268 3565 3640 3616 canescens

594 3670 663 3733 et
703 3658 1047 3732 floccosus
1103 3699 1198 3712 --
1253 3685 1292 3731 a
1343 3657 1576 3730 vicinis
1643 3657 2013 3755 conspicue
2066 3655 2284 3729 differt
2353 3681 2679 3754 potorum
2755 3657 3214 3729 umbrinorum
3268 3658 3638 3759 morphosi.

593 3774 911 3850 Primitus
958 3780 1060 3874 (et
1107 3803 1348 3850 versus
1397 3775 1798 3874 marginem)
1871 3773 2537 3861 venoso-radiantes,
2602 3773 2756 3847 dein
2806 3773 3281 3875 profundiores
3333 3774 3640 3851 dentato·

598 3895 825 3983 laceri,
880 3896 1127 3994 prioris
1175 3895 1382 3967 multo
1436 3894 1801 3979 firmiores,
1856 3893 1962 3965 ad
2004 3892 2232 3966 latera
2284 3893 2520 3966 leviter
2563 3892 3130 3993 glaucopruinosi.

413 4079 503 4160 27,
549 4081 648 4147 28.
704 4072 783 4146 P.
839 4095 1352 4149 uomnxnus.
1456 4069 1673 4147 Berk.
1727 4069 1804 4144 in
1856 4070 2051 4145 Ann.
2106 4068 2261 4144 Nat.
2313 4070 2497 4147 Hist.
2553 4072 2645 4147 X.
2701 4098 2770 4173 p.
2829 4038 2999 4148 376.

697 4215 852 4292 Sub
908 4215 1056 4292 hoc
1113 4216 1411 4292 nomine
1467 4215 1658 4292 duae
1711 4215 1929 4292 nobis
1969 4220 2269 4316 junctae
2319 4219 2659 4297 videntur
2711 4223 3032 4323 species,
3102 4222 3294 4300 inter
3347 4248 3432 4299 se
3490 4248 3643 4299 ma·

600 4333 794 4409 xime
849 4334 1142 4423 affineS,
1198 4334 1429 4438 magis
1482 4341 1726 4410 tamen
1779 4336 2188 4426 distinctae,
2244 4363 2460 4441 quam
2538 4344 2624 4415 P.
2677 4343 3039 4439 elongatus
3116 4350 3191 4417 et
3248 4371 3643 4448 par-game-

600 4483 755 4541 ηας,
807 4477 980 4527 cum
1058 4450 1323 4553 quibus
1391 4453 1749 4554 praebent
1820 4454 2229 4559 analogiam
2307 4457 2780 4535 manifestam.
2887 4459 3283 4564 Utramque
3349 4459 3517 4537 binc
3567 4461 3644 4537 in

599 4571 891 4648 ulterius
942 4595 1262 4646 examen
1309 4595 1755 4672 proponam:

498 4742 557 4794 a.
610 4721 692 4794 P.
738 4718 831 4824 (Ρ
885 4722 1084 4794 Prol
1060 4724 1200 4821 fic
1185 4720 1256 4825 )
1318 4721 1779 4809 Floridanus,
1857 4720 2685 4825 imbricato-multiplex,
2769 4727 2977 4828 pileis
3043 4729 3647 4807 membranaceo·

609 4837 961 4913 coriaceis
1012 4837 1638 4915 flabelliformibus
1715 4838 2323 4918 radiato-fibrosis
2392 4842 2734 4946 glabratis
2789 4845 3449 4925 discolori-zonatis
3524 4875 3645 4925 ca-

606 4955 1103 5044 nescentibus,
1154 4957 1363 5032 zonis
1414 4958 1889 5061 margineque
1939 4960 2356 5036 acutissimo
2432 4961 2681 5039 lacero
2738 4963 3187 5041 fuscobadiis
3205 5026 3223 5054 ,
3293 4975 3645 5045 contextu

608 5072 841 5161 fusco,
892 5073 1097 5174 poris
1156 5100 1200 5150 e
1256 5075 1722 5177 punctiformi
1770 5077 2413 5182 lineari-elongatis
2463 5079 2762 5184 integris
2803 5082 3326 5186 griseo-fuscis,

712 5218 900 5294 Haec
980 5222 1270 5295 definitio
1357 5224 1531 5299 facta
1608 5223 1695 5298 ad
1749 5227 2095 5326 specimen
2174 5227 2560 5326 primarium
2637 5225 2850 5313 Har-b.
2913 5229 3138 5317 Ber-k„
3190 5235 3645 5331 vegetatione,

3351 5338 3422 5408 Μ
