4984 6517
1342 561 1513 648 29ss

1532 798 1592 848 a.
1646 761 1944 847 Biecoia
1993 774 2321 846 Pumicis.
2420 769 2860 870 Fragmenta
2910 770 3230 846 Pumicis
3275 767 3592 872 angulati
3660 768 3777 844 vel
3838 767 4170 845 frictione
4236 777 4488 845 rotun-

1232 893 1406 984 dati,
1469 889 1887 990 Tracbytae
1953 897 2027 964 et
2065 886 2440 988 Jaspopali
2492 895 2845 988 congesta
2917 894 3086 963 sunt
3136 887 3296 962 sine
3352 885 3627 982 glutine
3680 894 3805 960 aut
3851 897 4020 962 sunt
4065 889 4502 991 agglutinata

1232 1008 1641 1088 Obsidiano
1700 1004 1820 1080 vel
1867 1005 2189 1080 Pumice.
2293 1002 2668 1079 Interdum
2713 1003 2995 1079 inclusa
3043 1015 3212 1080 sunt
3244 1004 3418 1108 ligni
3470 1004 3873 1106 fragmenta
3924 1004 4166 1104 Opalo
4217 1015 4499 1106 petrae-

1234 1128 1423 1203 facta
1472 1124 1593 1199 vel
1640 1124 1715 1199 in
1760 1122 2161 1198 carbonem
2218 1120 2505 1197 fuscum
2558 1129 2847 1196 mutata.

1534 1257 1603 1333 b.
1665 1259 1948 1358 Toplms
1999 1262 2083 1333 de
2131 1259 2510 1360 Posilippo.
2617 1253 2929 1357 Tophus
2976 1256 3207 1331 flavus
3256 1253 3375 1331 vel
3426 1255 3712 1343 rutiluS,
3779 1254 4120 1356 palliduS,
4192 1264 4495 1338 terreus,

1236 1378 1494 1464 molliS,
1552 1375 1849 1452 friabilis
1902 1384 1976 1450 et
2025 1375 2352 1450 limosus,

1543 1538 1605 1587 c.
1670 1513 1912 1585 Trass.
2018 1509 2425 1609 Praecipue
2484 1507 2704 1583 limus
2752 1507 3089 1582 Pumicis.

1441 1633 1732 1705 Pumex
1782 1627 2256 1729 consequitur
2323 1624 2756 1726 plerumque
2821 1624 3422 1725 praecedentem,
3490 1652 3657 1702 cum
3713 1652 3861 1729 quo
3914 1627 4213 1702 alternat
4268 1620 4504 1698 tenui·

1250 1751 1390 1825 bus
1445 1747 1702 1824 stratis,

1550 1883 1738 1956 Gen.
1793 1883 1904 1955 12.
1963 1880 2240 1954 Saxum
2292 1906 2634 1954 corneum.

1457 2023 1520 2090 1.
1577 2015 2038 2115 Porphyrites
2115 2024 2282 2088 sami
2353 2025 2600 2087 cornei.
2708 2009 2951 2088 Massa
3024 2037 3124 2087 ex
3200 2008 3741 2114 Hyperfelzite,
3795 2008 4051 2084 solida.
4154 2008 4504 2082 Fractura

1254 2133 1491 2210 omnis
1543 2127 2129 2206 conchaeformis
2180 2127 2297 2204 vel
2349 2125 2748 2217 festucosa,
2798 2125 3091 2230 pallida,
3151 2127 3406 2206 nitoris
3462 2129 3777 2231 pinguiS,
3830 2129 3904 2203 in
3950 2126 4236 2201 laminis
4276 2124 4506 2199 tenui-

1258 2252 1399 2326 bus
1446 2248 1992 2350 plusininnsve
2038 2255 2525 2348 transparens.
2627 2247 2834 2321 Dura
2892 2248 3018 2335 ita,
3108 2257 3183 2322 ut
3233 2245 3574 2322 scintillas
3646 2272 3690 2321 a
3768 2244 4086 2345 chalybe
4161 2241 4499 2318 excutiat.

1257 2369 1484 2444 Color
1553 2364 1812 2452 ruber,
1869 2363 2149 2450 fuscuS,
2203 2362 2489 2466 griseus
2541 2360 2660 2438 vel
2714 2363 2954 2466 niger,
3001 2361 3362 2440 interdum
3413 2363 3622 2439 lineis
3670 2362 4073 2464 variegatis,

1450 2502 1660 2576 Haec
1708 2501 1997 2601 species
2046 2498 2163 2573 vel
2213 2498 2288 2572 in
2334 2497 2571 2573 stratis
2618 2497 2921 2575 alternat
2972 2525 3139 2574 cum
3192 2498 3625 2603 porphyrite
3676 2497 3980 2573 euritico
4058 2494 4172 2568 vel
4230 2518 4365 2593 per
4431 2517 4511 2566 se

1259 2619 1623 2694 constituit
1673 2627 1961 2693 montes
2006 2617 2187 2691 intra
2223 2614 2537 2690 eandem
2587 2616 3121 2693 formationem.

1566 2756 1754 2828 Gen.
1818 2752 1926 2825 13.
1976 2752 2297 2826 Schistus
2344 2762 2703 2826 mic-accus.

1459 2888 1628 2962 Hoc
1675 2886 1972 2960 nomine
2023 2894 2237 2959 antea
2289 2882 2824 2983 comprehensa
2850 2882 3140 2961 fuerunt
3166 2886 3364 2962 varia
3390 2911 3601 2973 saxa,
3655 2913 3843 2987 quae
3874 2886 4252 2962 continent
4284 2884 4516 2973 Quar-

1264 3029 1431 3079 zum
1485 3002 1923 3078 schistosum
1986 3027 2150 3076 cum
2208 3000 2398 3076 Mica
2431 2991 2549 3077 vel
2604 3002 2900 3079 mineris
2947 3002 3183 3078 Micae
3231 3004 3585 3079 similibus
3636 3005 3754 3080 vel
3835 3004 4050 3079 etiam
4129 3000 4525 3076 Gneissum

1265 3146 1431 3195 cum
1485 3120 1692 3196 lineis
1742 3119 1998 3195 Micae.
2105 3118 2424 3210 Quando
2473 3129 2903 3218 separantur
2952 3146 3135 3196 saxa
3188 3147 3287 3196 ex
3361 3120 3986 3222 Hydrobifelzite,
4054 3128 4323 3196 restant
4396 3141 4514 3191 so-

1269 3238 1643 3313 lummodo
1699 3236 2257 3336 conjunctiones
2310 3236 2586 3328 Quarzi
2639 3262 2806 3311 cum
2870 3237 3058 3313 Mica
3110 3265 3300 3314 vera.

1469 3374 1530 3443 1.
1581 3373 1898 3447 Schistus
1945 3383 2285 3444 micae-eus
2336 3383 2790 3467 magnesia-us.
2895 3374 3268 3463 Quarzum
3315 3372 3751 3449 schistosum
3817 3399 3984 3449 cum
4038 3371 4348 3447 diversis
4403 3395 4522 3444 va-

1270 3486 1646 3562 rietatibus
1678 3486 1914 3562 Micae
1951 3485 2451 3590 magnesicae,
2511 3513 2702 3588 quae
2755 3489 3068 3565 minei-ae
3107 3500 3231 3566 aut
3254 3501 3630 3591 separatae
3657 3473 3853 3579 sunt,
3905 3501 4027 3567 aut
4053 3488 4527 3565 commixtae,

1261 3604 1391 3689 ita,
1444 3611 1521 3678 ut
1574 3629 1721 3679 una
1773 3629 2023 3679 earum
2076 3604 2505 3704 praevaleat.

1574 3748 1633 3797 a.
1679 3724 1999 3797 Schistus
2053 3734 2393 3796 micaceus
2445 3734 2664 3820 niger.
2770 3721 2960 3798 Mica
3011 3735 3124 3799 est
3163 3720 3507 3826 fuliginea
3565 3735 3636 3799 et
3684 3724 3755 3799 in
3809 3723 4054 3799 frustis
4105 3723 4344 3824 nigra,
4428 3720 4532 3793 in-

1265 3840 1553 3917 terdum
1612 3838 2010 3913 commixta
2061 3861 2226 3912 cum
2283 3838 2475 3913 Mica
2527 3838 2798 3915 coloris
2857 3853 3198 3942 experte,
3269 3841 3466 3916 unde
3533 3846 3770 3943 grisea
3821 3853 4023 3917 certo
4084 3841 4357 3917 lumine
4412 3863 4533 3936 ap-

1267 3966 1488 4059 paret.
1591 3954 1963 4031 Interdum
2018 3956 2218 4030 Mica
2275 3966 2386 4032 est
2439 3981 2657 4057 quam
2710 3959 3186 4035 minutissime
3240 3959 3587 4059 dispersa.

1573 4079 1640 4148 b.
1701 4075 2018 4148 Sokistus
2072 4085 2410 4148 micaceus
2459 4074 2677 4149 albus.
2780 4075 2971 4150 Mica
3023 4087 3136 4151 est
3181 4076 3376 4163 alba,
3427 4075 3616 4150 foliis
3674 4076 3905 4151 rectis,

1567 4221 1623 4266 c.
1679 4192 1999 4265 Schistus
2050 4202 2389 4265 micaceus
2443 4191 2857 4267 chloriticus.
2961 4193 3152 4268 Mica
3200 4203 3310 4268 est
3361 4191 3762 4280 chloritica,
3808 4193 4079 4295 grisea,
4138 4189 4532 4275 ochracea,

1260 4309 1505 4384 viridis
1557 4307 1673 4383 vel
1711 4309 1868 4383 fere
1920 4307 2378 4409 nigrescens,
2440 4306 2631 4384 foliis
2681 4307 2943 4386 crassis
2999 4311 3106 4386 vel
3172 4311 3539 4398 tenuibus,
3610 4309 4053 4412 squamosis,
4133 4308 4251 4383 vel
4323 4307 4527 4381 vario

1270 4429 1495 4501 modo
1551 4426 1808 4502 curvis.
1917 4424 2257 4500 Continet
2305 4425 2682 4527 glandulas
2734 4428 3024 4520 Quarzi.

1466 4545 1824 4619 Diversae
1869 4542 2254 4644 varietates
2302 4568 2439 4643 per
2488 4570 2572 4619 se
2630 4555 3041 4626 occurrunt.
3143 4544 3338 4619 Intra
3392 4545 3729 4621 Sueciam
3785 4555 3897 4619 est
3949 4545 4270 4619 Semnus
4326 4555 4538 4615 mica·

1148 4687 1167 4702 ·
1268 4691 1423 4734 cens
1478 4674 1681 4756 niger
1736 4661 2161 4759 praesertim
2218 4685 2592 4761 expansus
2643 4661 2829 4736 intra
2852 4659 3427 4737 WVestmanniam
3452 4664 3527 4738 in
3549 4662 3913 4765 paroeciis
3952 4661 4155 4747 Kila‚
4196 4659 4537 4735 Fernebo

1269 4776 1729 4862 occidentali,
1785 4776 2298 4878 Kal-benning,
2369 4776 2712 4880 Not-berg
2760 4787 2896 4853 etc.
3004 4780 3323 4853 Schistus
3378 4794 3530 4855 mic.
3589 4781 3789 4856 albus
3844 4779 4163 4854 occurrit
4224 4777 4319 4851 ad
4387 4777 4537 4851 Fo-

1267 4893 1640 4996 gelhyttan
1692 4892 1768 4965 in
1820 4891 2054 4979 Nora;
2104 4895 2426 4968 Schistus
2478 4908 2633 4969 mic.
2686 4897 3124 4970 choloriticus
3172 4896 3265 4970 ad
3320 4895 3772 4998 Mk‘irshyttan
3824 4897 3901 4971 in
3954 4895 4173 4970 Nora.

1571 5013 1758 5084 Gen.
1830 5012 1940 5084 14.
2001 5012 2359 5096 Quat-zum
2398 5011 2928 5114 pilbolithicum.

1475 5133 1514 5197 1
1610 5128 1965 5212 Quarzum
1994 5128 2524 5229 pilbolithicum.
2631 5131 3003 5221 Quarzum
3057 5130 3494 5209 schistosum
3549 5158 3715 5208 cum
3774 5132 3965 5207 Mica
4030 5140 4105 5206 et
4180 5127 4370 5207 foliis
4442 5144 4544 5207 te·

1269 5245 1535 5321 nuibus
1586 5242 1971 5320 Pilbolithi.
