4984 6517
1258 1237 1318 1307 1.
1444 1233 1522 1308 C.
1578 1232 2036 1315 Rosam·an
2123 1231 2372 1308 Hook.
2432 1275 2527 1288 —
2568 1230 2783 1305 Berk.
2840 1232 2916 1307 in
2960 1232 3196 1309 Lond.
3252 1234 3507 1309 Journ.
3559 1234 3646 1308 Π.
3684 1233 3822 1310 sub
3881 1233 4182 1337 Sphaer.
4240 1235 4314 1311 S.
4342 1235 4502 1310 Hu-

1230 5180 1300 5255 2.

1363 574 1536 661 124

2446 900 3327 980 PYRENOMYCETES.

2167 1083 2644 1160 eunomus.
2752 1082 2871 1157 Fr.
2932 1128 3027 1142 —
3085 1084 3158 1159 S.
3215 1085 3401 1189 Veg.
3461 1085 3578 1161 Sc.

1440 1354 1628 1449 gelii.
1683 1349 1902 1424 Cord.
1955 1352 2052 1425 Ic.
2106 1351 2230 1425 IV.

1550 1494 1673 1568 Ex
1722 1492 1930 1571 India
1982 1493 2333 1569 Orientali
2389 1494 2599 1596 plura
2650 1495 3050 1597 specimina
3101 1494 3301 1570 dedit
3353 1494 3502 1571 Cel.
3559 1494 3955 1571 Professor
4005 1497 4423 1573 Suadewall.

1549 1639 1810 1715 Nostra
1885 1642 2253 1741 specimina
2334 1640 2473 1716 fere
2558 1643 3000 1744 spithamaea,
3068 1654 3143 1716 ut
3216 1641 3293 1717 C.
3370 1642 3638 1716 Gunnii
3702 1639 3914 1716 Berk.
3976 1639 4156 1717 Dec.
4208 1671 4271 1717 n.
4333 1642 4497 1717 199.

1445 1772 1488 1833 t,
1537 1760 1656 1832 22.
1700 1759 1743 1831 f.
1809 1762 1906 1847 1.,
1959 1758 2085 1832 sed
2133 1760 2364 1834 colore
2418 1773 2487 1835 et
2538 1764 2762 1862 sporis
2815 1761 2901 1834 ad
2949 1762 3123 1835 hanc
3175 1763 3476 1862 speciem
3527 1774 3854 1861 spectant.

1548 1908 1582 1940 ⁸
1637 1904 1713 1983 C'.
1764 1916 2054 1980 sinens-is
2112 1934 2165 1980 s.
2220 1902 2577 2006 Sphaeria.
2680 1903 2892 1982 Berk.
2957 1910 3024 1980 in
3099 1904 3330 1981 Hook.
3398 1904 3621 1980 Lond.
3682 1903 3919 1982 Journ.
3984 1904 4070 1980 II.
4120 1918 4166 1981 t.
4220 1907 4287 1979 8.
4338 1906 4380 1980 s.
4436 1910 4496 1980 1.

1453 2022 1840 2126 Antiquitus
1912 2026 2105 2100 adest
2176 2027 2525 2125 specimen
2574 2028 2640 2099 in
2692 2024 2884 2100 Mus.
2936 2023 3166 2099 Holm.
3269 2023 3468 2101 Haec
3518 2039 3588 2101 et
3641 2025 3719 2101 C.
3785 2026 4081 2125 Taylori
4128 2025 4168 2098 l.
4219 2052 4278 2100 c.
4330 2025 4374 2099 f.
4426 2024 4496 2097 2.

1449 2145 1857 2245 peculiarem
1893 2148 2283 2235 sectionem,
2335 2148 2530 2247 apice
2579 2145 2817 2233 sterili,
2864 2147 3036 2219 inter
3081 2143 3537 2247 Cordicipites
3573 2143 4137 2243 Entomogeneos
4184 2146 4445 2218 sistunt.

2291 2332 2678 2409 Xuama.
2785 2330 2858 2407 S.
2912 2332 3099 2437 Veg.
3161 2329 3425 2407 Scand.

1539 2472 1766 2573 Hujus
1816 2476 2085 2576 generis
2134 2477 2270 2573 jam
2313 2477 2744 2551 innotuerunt
2796 2478 2894 2550 60
2945 2478 3249 2578 species,
3312 2502 3521 2575 quare
3582 2475 3649 2548 in
3698 2484 4012 2574 quattuor
4057 2469 4270 2543 tribus
4325 2464 4498 2539 divi·

1454 2594 1617 2668 dere
1669 2620 1958 2668 necesse
2010 2606 2147 2681 est,
2194 2620 2444 2695 nempe
2487 2593 2614 2694 A.)
2660 2596 2851 2669 clava
2902 2595 3199 2696 undique
3252 2594 3447 2669 fertili
3492 2598 3565 2692 a)
3620 2594 3844 2694 stipite
3894 2590 4134 2691 glabro
4185 2588 4294 2686 (=
4333 2585 4495 2683 Xy-

1451 2710 1841 2816 Ioglossa)‚·
1899 2712 1980 2811 b)
2023 2714 2247 2812 stipite
2293 2716 2539 2788 vestito
2591 2715 2699 2811 (=
2737 2712 3258 2818 thcorynQ:
3327 2709 3450 2812 Β.)
3499 2712 3687 2786 clava
3740 2712 3934 2812 apice
3979 2707 4184 2782 sterili
4250 2709 4322 2805 a)
4374 2705 4495 2778 sti·

1456 2830 1597 2930 pite
1650 2830 1893 2903 villoso
1948 2832 2057 2930 (=
2102 2828 2668 2935 Xylodactyla),·
2747 2832 2827 2930 b)
2873 2834 3099 2932 stipite
3175 2833 3414 2932 glabro
3469 2834 3577 2929 (=
3617 2825 4064 2931 Xylostyla).
4166 2822 4323 2899 Hae
4382 2849 4496 2898 se·

1443 2950 1704 3022 ctiones
1751 2950 1950 3021 variis
2002 2951 2144 3024 aliis
2210 2953 2387 3024 notis
2439 2950 2635 3025 simul
2682 2949 2986 3024 suffultae
3039 2962 3223 3039 sunt,
3283 2949 3411 3024 sed
3461 2950 3601 3024 asci
3651 2961 3721 3024 et
3771 2972 4020 3048 sporae
4070 2945 4496 3046 (simpliciter
4640 2976 4649 2987 ·

1445 3069 1759 3154 seriatae,
1811 3067 2182 3167 oblongae,
2235 3095 2446 3169 saepe
2505 3081 2851 3156 curvatae,
2932 3094 3228 3169 opacae,
3300 3096 3454 3142 raro
3498 3072 3860 3179 “septatae)
3926 3065 4041 3139 vix
4084 3064 4491 3139 differentias

1446 3186 1794 3283 praebent.
1898 3184 1975 3259 In
2029 3186 2299 3260 duobus
2341 3190 2644 3264 tribusve
2701 3215 2789 3263 ex
2835 3186 3000 3261 infra
3053 3186 3411 3288 descriptis
3473 3213 3674 3261 ascos
3729 3185 3961 3260 videre
4016 3197 4270 3258 tantum
4322 3210 4491 3258 con-

1441 3305 1623 3401 tigit,
1678 3306 1743 3377 in
1796 3306 2071 3406 reliquis
2124 3305 2510 3406 peritheciis
2564 3309 2903 3381 evacuatis
2955 3310 3088 3405 jam
3137 3309 3282 3382 sine
3335 3307 3545 3381 dubio
3597 3305 3886 3381 resorbti
3927 3315 4097 3378 sunt,

1439 3441 1533 3518 H.
1591 3446 2156 3544 (xnootossa)
2202 3467 2599 3522 suctossa
2617 3504 2635 3532 ‚
2694 3453 3040 3521 stromate
3117 3445 3394 3521 clavato
3470 3442 3675 3519 nudo
3742 3467 4035 3519 sursum
4083 3441 4489 3517 incrassato

1443 3561 1708 3638 obtuso
1734 3562 1922 3638 laevi
1974 3561 2363 3664 argillaceo
2412 3587 2514 3637 ex
2570 3563 2849 3638 ostiolis
2875 3561 3359 3639 subtilissimis
3408 3563 3994 3667 nigro-punctato
4012 3621 4031 3649 ,
4083 3561 4277 3635 intus
4312 3584 4486 3635 cen-

1439 3690 1557 3757 tro
1616 3679 2197 3756 albido-cinereo
2216 3740 2233 3767 ,
2289 3680 2363 3754 in
2416 3679 2690 3756 ambitu
2744 3680 3176 3783 nigricante,
3230 3679 3643 3783 peritheciis
3697 3680 3865 3755 totis
3897 3679 4258 3754 immersis
4309 3676 4483 3755 sub·

1437 3798 1768 3903 globosis
1826 3798 2026 3885 atris,
2081 3796 2318 3898 stipite
2372 3798 2574 3874 tenui
2618 3797 2962 3903 elongato
3014 3798 3273 3902 glabro
3320 3798 3737 3903 nigricante.

1527 3940 1612 4016 In
1659 3941 1881 4016 Costa
1934 3939 2131 4015 Rica.
2198 3927 2467 4017 Orsted.

1540 4092 1798 4167 Forma
1857 4095 2211 4191 Geoglossi
2261 4095 2655 4193 dfformis,
2709 4107 2777 4168 at
2822 4070 3069 4196 major,
3119 4097 3166 4172 3
3215 4123 3366 4171 unc.
3421 4109 3489 4172 et
3549 4098 3718 4170 ultra
3792 4097 3952 4183 alta;
4017 4106 4205 4171 sicca
4268 4098 4485 4171 saltim

1441 4239 1649 4312 saepe
1705 4216 2354 4287 arcuato-incurvata
2402 4214 2441 4286 l.
2491 4226 2697 4303 torta,
2746 4214 3096 4289 durissima
3147 4229 3216 4290 et
3263 4217 3402 4292 sere
3443 4216 3707 4317 lapidea
3757 4229 3829 4289 ut
3876 4243 4211 4317 sequens,
4263 4215 4481 4315 longi·

1445 4331 1820 4405 tudinaliter
1870 4358 2140 4431 rugosa.
2247 4329 2486 4431 Stipes
2534 4334 2700 4407 ultra
2750 4337 3013 4408 unciam
3060 4335 3340 4435 longus,
3392 4337 3692 4409 crassitie
3744 4360 3909 4409 vero
3963 4336 4201 4408 lineam
4240 4360 4481 4435 parum

1441 4450 1812 4539 excedens,
1865 4450 2193 4550 aequalis,
2246 4450 2516 4549 glaber,
2567 4454 2993 4552 nigrescenS,
3044 4456 3269 4527 siccus
3320 4453 3881 4553 longitudinaliter
3932 4479 4245 4553 rugosus.
4316 4450 4477 4526 Cla-

1437 4597 1521 4642 va
1570 4568 1784 4642 forma
1835 4581 1905 4642 et
1959 4569 2225 4654 colore,
2305 4571 2521 4668 magis
2580 4597 2746 4644 vero
2828 4571 3498 4672 squalente-pallido,
3559 4573 3840 4649 Clavar.
3893 4573 4187 4670 ligulam
4239 4574 4478 4661 refert,

1435 4714 1698 4762 sursum
1750 4688 2114 4759 incrassata
2167 4698 2236 4759 et
2291 4687 2569 4772 obtusa,
2630 4692 2909 4790 proprie
2959 4689 3225 4764 videtur
3275 4704 3415 4766 atra
3471 4692 3597 4766 sed
3647 4693 3880 4768 colore
3936 4693 4478 4794 alutaceo·argil-

1439 4805 1628 4879 laceo
1686 4807 1875 4904 quasi
1929 4804 2234 4891 oblinita,
2287 4831 2324 4877 a
2378 4809 2600 4907 stipite
2656 4809 3093 4883 subdiscreta.
3195 4806 3368 4883 Asci
3420 4822 3692 4900 tenues,
3744 4812 4057 4900 lineares,
4112 4812 4318 4911 vulgo
4368 4838 4477 4886 re·

1436 4924 1682 5008 sorbti3
1741 4949 1988 5021 sporae
2047 4923 2467 5012 uniseriales,
2541 4926 2918 5026 oblongae,
2995 4929 3303 5026 utrinque
3388 4940 3655 5017 acutae,
3734 4943 4111 5031 eseptatae,
4188 4954 4477 5033 opacae,

1432 5044 1686 5142 passim
1739 5040 2075 5114 curvulae.

1428 5179 1520 5255 X.
1575 5179 1996 5279 (XrLoGL.)
2047 5201 2430 5268 runcum,
2486 5188 2833 5259 stromate
2884 5182 3252 5262 suberoso
3298 5185 3635 5264 indurato
3683 5186 3877 5265 ovali
3926 5189 4229 5268 sordide
4276 5189 4471 5295 gilvo

1437 5322 1536 5373 ex
1579 5295 1858 5372 ostiolis
1908 5295 2339 5398 prominulis
2386 5297 3016 5402 nigro-punctato,
3064 5317 3396 5381 ceterum
3442 5304 3660 5395 laevi,
3708 5307 3901 5384 intus
3952 5307 4283 5397 cinereo,
4350 5306 4471 5385 sti·
