4984 6517
3422 544 3586 629 36?

424 759 949 855 cumscriptione
1002 758 1296 854 oblonga
1356 757 1394 829 Ι.
1443 757 1747 842 linearia,
1802 756 2348 855 plano-pinnata;
2378 759 2625 855 pinnae
2648 757 3023 844 filisormes,
3057 759 3696 855 subaequicrassae.

423 874 663 947 lineam
719 874 759 945 l.
817 875 1159 973 paululum
1238 873 1406 946 ultra
1470 873 1747 971 longae,
1823 899 2062 946 versus
2145 876 2408 972 apicem
2467 875 2758 948 rachidis
2811 904 3048 975 parum
3106 875 3520 974 longitudine
3580 881 3696 945 de-

423 1005 852 1078 crescentes,
899 994 1043 1064 22!
1097 993 1363 1065 circiter
1416 990 1771 1077 distantes,
1825 989 2187 1076 distichae,
2240 992 2628 1066 normaliter
2690 995 2981 1081 altenae,
3036 992 3164 1067 sed
3219 1019 3696 1093 nonnunquam

426 1112 625 1182 etiam
678 1112 1058 1208 oppositae.
1166 1107 1383 1181 Color
1430 1108 1697 1207 plantae
1750 1109 2011 1180 intense
2063 1107 2311 1180 viridis.

731 1247 1025 1347 Species
1105 1251 1191 1322 ab
1273 1250 1587 1322 omnibus
1664 1259 1852 1322 certe
1933 1247 2429 1321 distinctissima
2479 1261 2548 1322 et
2595 1276 2747 1322 cum
2802 1251 2974 1323 nulla
3033 1254 3451 1351 cognitarum
3512 1257 3696 1325 sat—ite

429 1365 922 1439 confundenda.
1027 1364 1298 1439 Forsan
1349 1364 1733 1463 Caulerpae
1781 1364 2110 1465 hypnoidi
2164 1369 2451 1439 maxime
2478 1366 2709 1440 affinis
2767 1364 3090 1441 Habitum
3122 1368 3401 1442 sormam
3428 1373 3696 1445 sthimia

425 1483 741 1555 excelsae
791 1485 856 1555 in
916 1485 1238 1555 memoria
1290 1508 1442 1555 cum
1496 1484 1802 1581 perbene
1860 1495 2172 1570 revocet,
2239 1510 2524 1571 nomen,
2601 1488 2734 1582 jam
2825 1486 3019 1558 1818
3099 1513 3252 1559 cum
3329 1490 3548 1587 planta
3636 1493 3692 1561 Ξιι

426 1598 658 1671 litteris
708 1598 793 1671 ad
846 1601 1102 1672 amicos
1159 1599 1419 1687 datum,
1468 1624 1646 1673 nunc
1697 1601 1984 1673 retinere
2039 1626 2277 1699 cogor.

1521 1814 1860 1896 xxxin.
1948 1812 2395 1892 comuM
2452 1815 2594 1909 Ag.

837 1966 899 2038 1.
985 1966 1302 2040 Comum
1355 1965 1920 2039 ΡιΑτηοΒισΜ
1979 1964 2266 2038 Ares-ch.

735 2095 994 2172 Thallo
1075 2098 1294 2199 plano
1374 2096 2368 2198 dichotomo-palmatisect0‚
2442 2096 2720 2173 laciniis
2778 2099 3199 2178 lanceolatis
3258 2103 3302 2178 l.
3370 2109 3692 2181 cuneatis

432 2213 735 2289 dilatatis
793 2214 1244 2314 simplicibus
1301 2215 1345 2290 l.
1403 2214 1610 2289 fissis.

733 2348 858 2422 Ad
912 2374 1118 2423 oram
1171 2347 1470 2423 Africae
1523 2348 1851 2423 australis
1904 2347 1976 2421 in
2036 2347 2198 2422 sinu
2252 2346 2497 2449 Algoa
2556 2374 2792 2450 prope
2844 2351 3023 2425 Port
3077 2350 3484 2441 Elisabeth,
3544 2385 3692 2429 nnn

423 2463 927 2565 infrequenter
978 2474 1051 2540 et
1104 2466 1349 2541 forsan
1400 2466 1474 2541 in
1521 2465 1872 2542 societate
1925 2464 2138 2542 Codii
2188 2465 2614 2554 tomentosi‚
2670 2465 2873 2567 quod
2927 2477 3001 2541 et
3041 2466 3319 2544 ibidem
3386 2477 3688 2573 copiose

426 2583 708 2658 crescit.

733 2731 1017 2806 Thallus
1072 2730 1481 2829 longitudine
1534 2756 1754 2828 usque
1801 2727 2184 2828 2-pedalis,
2237 2731 2323 2802 ab
2386 2732 2519 2801 ima
2575 2731 2722 2803 basi
2777 2732 3048 2829 planus,
3102 2735 3508 2811 semilinearn
3564 2745 3688 2809 *sir⁴

425 2854 593 2923 citer
644 2876 950 2937 crassus,
1001 2849 1953 2947 dichotomo-palmatisectus.
2053 2844 2374 2920 Laciniae
2434 2872 2613 2920 nunc
2661 2848 3107 2938 lanceolatae,
3176 2878 3356 2925 nunc
3424 2881 3688 2927 sursum

426 2968 738 3040 dilatatae
789 2970 1124 3066 apiceque
1168 2965 1309 3039 sere
1363 2978 1737 3052 truncatae,
1790 2964 2085 3062 indeque
2151 2964 2282 3037 late
2354 2977 2712 3052 cuneatae,
2760 2968 3102 3066 simplices
3155 2970 3195 3041 1.
3247 2970 3484 3043 iterum
3540 2977 3688 3069 plus

424 3088 643 3158 minus
687 3084 888 3157 fissae
943 3084 982 3156 l.
1030 3084 1450 3169 lacinulatae,
1503 3085 1614 3156 ubi
1667 3084 2024 3155 latissimae
2066 3082 2201 3155 <243
2253 3081 2539 3179 pollices
2593 3081 2934 3157 latitudine
2986 3099 3371 3185 aequantes.
3448 3089 3688 3161 Strue-

425 3217 570 3276 tura
628 3214 700 3274 ut
747 3206 810 3274 in
868 3199 1094 3274 Codio
1131 3212 1537 3272 tomentoso.
1639 3197 1934 3272 Fructus
1982 3224 2022 3272 a
2074 3225 2184 3272 me
2231 3224 2368 3272 non
2418 3201 2749 3274 inventus.

733 3337 890 3411 Hac
942 3342 1176 3438 specie
1229 3351 1298 3413 et
1351 3336 1577 3411 Codio
1606 3351 1988 3412 tomentoso
2041 3337 2376 3442 (Huds.)
2424 3364 2464 3411 e
2518 3341 2674 3412 loco
2706 3364 2911 3438 supra
2946 3341 3146 3412 citato
3176 3346 3496 3442 acceptis,
3524 3349 3688 3417 inter

429 3468 790 3552 utrumque
831 3480 921 3527 ne
973 3458 1309 3527 minimum
1364 3456 1636 3553 quidem
1691 3459 1913 3530 inveni
1969 3458 2282 3530 transitus
2347 3458 2726 3554 vestigium.
2828 3454 2905 3528 In
2957 3458 3252 3531 maribus
3302 3485 3451 3531 cum
3488 3489 3684 3533 eura-i-

429 3575 621 3670 paeis
674 3586 812 3645 tum
866 3570 1194 3672 Europae
1247 3575 1648 3671 propinquis
1697 3575 2022 3646 obvenire
2063 3573 2342 3646 sormam
2401 3571 2604 3646 Codii
2660 3576 3050 3660 tomentosi‚
3108 3574 3319 3647 axillis
3373 3575 3684 3661 dilatatis...

431 3692 702 3761 nomine
774 3687 973 3762 Codii
1045 3690 1339 3787 elongati
1419 3690 1600 3788 apud
1649 3689 1969 3788 Kiitzing.
2020 3693 2083 3761 in
2138 3688 2352 3789 Spec.
2409 3689 2571 3786 Alg.
2652 3716 2719 3787 p.
2784 3690 2928 3762 501
2988 3689 3194 3777 allati,
3254 3718 3361 3764 me
3416 3695 3684 3790 quialffln

431 3830 564 3877 non
620 3805 815 3903 fugit,
867 3834 950 3879 an
1005 3833 1167 3880 vero
1221 3832 1376 3880 cum
1426 3806 1628 3902 hujus
1680 3808 1910 3883 formis
1956 3809 2335 3905 comparari
2389 3808 2609 3906 possit
2658 3817 2884 3879 nostra
2930 3809 3222 3904 species,
3271 3834 3688 3909 magnopere

431 3922 687 3995 dubit0.
791 3920 1101 4021 Longius
1156 3927 1331 3997 enim
1385 3949 1583 4021 quam
1639 3952 1745 3997 ex.
1789 3952 1891 4021 gr.
1943 3920 2275 4023 Dictyota
2330 3921 2614 3995 Kunthii
2657 3948 2694 3994 a
2751 3921 3076 4024 Dictyota
3107 3923 3416 4013 fasciola,
3464 3949 3684 4001 nostra

433 4041 705 4137 species
759 4066 995 4113 revera
1046 4067 1083 4111 a
1136 4038 1362 4113 Codio
1412 4052 1797 4115 tomentoso
1850 4041 2081 4118 habitu
2117 4039 2335 4113 distat.

835 4251 905 4325 2.
989 4251 1308 4328 Comum
1361 4276 1895 4329 'romam-osum
1953 4252 2309 4356 (Huds.)

738 4407 1279 4508 Cosmopolitam
1334 4414 1634 4511 speciem
1691 4414 1922 4511 plures
1948 4412 2177 4485 habitu
2206 4438 2445 4511 parum
2471 4408 2891 4495 recedentes,
2925 4433 3087 4481 vere
3113 4418 3331 4482 tamen
3365 4409 3624 4485 diversa
3640 4445 3688 4497 s,

430 4554 640 4626 saepe
691 4528 1053 4626 complecti
1106 4530 1411 4625 species,
1457 4555 1591 4601 non
1649 4556 1800 4601 raro
1850 4530 2053 4629 longa
2102 4556 2231 4601 nos
2284 4528 2560 4602 edocuit
2611 4525 3042 4623 experientia.
3125 4521 3418 4599 Miratus
3472 4533 3688 4625 igitur,

427 4673 512 4718 an
569 4644 864 4718 Codium
918 4657 1406 4731 tomentosum,
1455 4671 1584 4742 per
1630 4658 1843 4719 totum
1896 4644 2038 4719 sere
2091 4646 2328 4718 orbem
2364 4657 2690 4718 terrarum
2717 4641 3165 4728 distribatum,
3204 4643 3435 4740 plures
3468 4645 3688 4717 farsam

428 4762 1002 4861 complecteretur
1075 4764 1346 4860 species
1423 4787 1585 4833 vere
1662 4761 2003 4849 diversas,
2056 4762 2303 4834 formas
2360 4786 2636 4846 omnes,
2690 4784 2860 4857 quas
2908 4758 3271 4855 possiden,
3321 4762 3388 4832 in
3443 4761 3692 4833 dissitis

427 4881 727 4952 maribus
775 4879 1094 4952 collectas
1148 4877 1446 4976 rigidiori
1493 4881 1776 4952 examini
1821 4880 2119 4974 subjeci,
2168 4903 2305 4975 quo
2360 4875 2539 4949 sacto
2570 4875 2821 4950 formas
2857 4877 3018 4947 satis
3046 4877 3419 4974 singulares
3451 4881 3688 4949 inveni.

529 5056 591 5094 α.
643 5017 864 5093 thallo
918 5041 1149 5118 usque
1209 5016 1451 5117 pedali
1530 5016 1950 5091 normaliter
2019 5014 2444 5092 dichotomo
2498 5015 2543 5089 l.
2601 5013 3393 5105 dichotomo-ramOSO,
3472 5033 3692 5093 extus

639 5132 1005 5220 sublaevi,
1080 5132 1402 5207 utriculis
1480 5130 1998 5233 periphaericis
2077 5157 2178 5207 ex
2255 5133 2466 5234 apice
2543 5128 2930 5204 rotundata
3009 5132 3692 5208 cuneato-obnvatis

643 5275 882 5351 usque
933 5255 1059 5351 {2¹2
1100 5249 1339 5351 longis
1392 5260 1465 5325 et
1522 5249 1685 5350 plus
1737 5274 1952 5350 quam
2002 5255 2128 5351 {²¹³
2179 5249 2338 5325 latis
2388 5243 2863 5346 simplicibus
