4984 6517
1325 546 1503 633 370

1214 789 1511 864 superne
1572 764 1852 848 tenuior,
1906 758 2161 857 rigidus
2214 757 2614 857 firmusque,
2668 759 2939 834 duobus
2992 761 3377 835 cellularum
3417 766 3638 837 stratis
3671 776 4133 853 constructus,
4191 764 4490 866 indeque

1216 882 1303 956 ad
1377 906 1595 980 genus
1668 875 2160 978 Phycoseridis
2240 877 2456 949 Kae'ltz.
2511 879 2802 975 pertinet
2873 878 3118 977 planta.
3252 877 3531 954 Cellulis
3582 882 3644 952 in
3702 884 4006 956 sectione
4060 885 4491 957 transversali

1215 999 1620 1073 verticaliter
1675 995 2035 1069 linearibus
2081 1006 2150 1069 et
2199 997 2285 1069 ab
2352 991 2527 1067 Ulva
2581 996 2894 1070 latissima
2948 1009 3019 1070 et
3069 997 3155 1069 ab
3188 993 3366 1070 Ulva
3397 1000 3685 1097 stipitata
3715 997 4019 1073 facillime
4049 999 4492 1098 dignoscitur.

1527 1129 1929 1232 Synonyma
1983 1157 2121 1202 non
2173 1133 2317 1203 sine
2372 1127 2786 1203 dubitatione
2839 1130 3128 1230 quadam
3182 1144 3386 1231 atque
3438 1131 3902 1205 incertitudine
3955 1158 3992 1205 a
4043 1135 4244 1208 nobis
4296 1135 4492 1206 allata

1220 1251 1461 1335 fuisse,
1518 1249 1616 1322 sas
1664 1262 1770 1323 est
1821 1248 2073 1321 dicere.
2174 1245 2448 1320 Nullam
2509 1242 2753 1318 Ulvam
2804 1247 3188 1321 latissimam
3242 1261 3355 1321 aut
3400 1245 3648 1322 Ulvam
3687 1248 4028 1322 sordidam
4075 1251 4225 1346 (cfr.
4266 1250 4492 1353 Phyc.

1221 1367 1477 1442 Scand.
1521 1368 1814 1458 marim),
1866 1378 1997 1436 tam
2052 1365 2274 1438 multis
2323 1391 2362 1437 e
2413 1362 2658 1464 Capite
2711 1366 2932 1438 bonae
2972 1367 3119 1464 spei
3159 1368 3461 1464 acceptis
3484 1363 3916 1466 Phycearum
3945 1368 4494 1455 collectionibus,

1221 1485 1473 1559 ibidem
1527 1486 1837 1568 inveniri,
1902 1484 2101 1556 nobis
2156 1495 2261 1556 est
2314 1507 2737 1580 persuasum.
2801 1523 2896 1540 —
2962 1478 3134 1554 Ulva
3184 1481 3394 1581 rigida
3449 1480 3586 1581 Ag.
3641 1496 3748 1558 est
3796 1510 4138 1583 europaea
4183 1489 4493 1584 species,

1223 1602 1598 1677 secundum
1652 1603 2056 1700 specimina,
2108 1626 2282 1699 quae
2328 1600 2528 1672 nobis
2567 1598 2753 1672 dedit
2802 1596 2868 1671 J.
2921 1596 3244 1697 Agardh,
3295 1626 3334 1672 a
3382 1613 3610 1673 nostra
3643 1604 3919 1700 capensi
3953 1604 4186 1701 specie
4215 1605 4491 1677 omnino

1226 1720 1510 1794 diversa.
1592 1762 1686 1776 —-
1766 1717 2021 1792 Forma
2067 1729 2109 1811 β
2161 1717 2445 1792 africana
2519 1713 2742 1790 Ulvae
2790 1716 3058 1791 lobatae
3127 1715 3333 1791 Kutz.
3395 1715 3610 1815 Spec.
3662 1718 3700 1789 l.
3756 1743 3817 1791 c.
3869 1732 4098 1792 nostra
4149 1733 4336 1794 certe
4388 1736 4493 1795 est

1225 1840 1533 1936 species,
1587 1836 1710 1910 sed
1765 1835 1974 1908 sorma
2027 1837 2337 1932 primaria
2396 1837 2541 1907 sive
2595 1830 2775 1905 Ulva
2826 1834 3085 1920 lobata,
3137 1837 3202 1907 in
3257 1837 3395 1908 oris
3448 1833 3882 1909 Chilensibus
3914 1839 4210 1926 inventa,
4245 1865 4494 1912 secun·

1226 1954 1385 2027 dum
1435 1953 1958 2052 descriptionem
2014 1951 2145 2024 huc
2192 1954 2304 2024 vix
2351 1962 2584 2050 potest
2627 1953 2999 2049 pertinere,
3040 1978 3238 2050 quam
3293 1953 3380 2028 ab
3435 1979 3742 2027 caussam
3774 1981 4025 2027 novum
4050 1955 4212 2030 dare
4245 1983 4495 2030 nomen

1230 2074 1682 2146 necessarium
1737 2069 2068 2141 duximus.
2124 2110 2217 2123 -
2272 2067 2575 2141 Nomine
2635 2065 2857 2140 Ulvae
2909 2070 3185 2147 uncialis
3239 2095 3302 2145 v,
3354 2067 3557 2144 Suhr.
3588 2071 3970 2156 multarum,
4003 2075 4071 2144 ni
4102 2073 4299 2146 valde
4330 2074 4498 2146 salli-

1229 2217 1396 2274 mur,
1448 2189 1929 2262 distribuuntur
1981 2189 2363 2287 specierum
2417 2187 2671 2259 formae
2722 2187 3039 2282 juniores.
3146 2182 3343 2264 Quae
3391 2212 3429 2259 e
3487 2184 3733 2285 Capite
3788 2190 4008 2263 bonae
4039 2193 4186 2289 spei
4221 2191 4495 2290 abipso

1229 2320 1505 2380 auctore
1559 2308 1947 2404 accepimus
1996 2305 2397 2402 specimina,
2449 2330 2528 2376 ea
2586 2302 2672 2376 ad
2725 2316 3020 2382 nostram
3079 2306 3410 2401 pertinent
3462 2306 3784 2403 speciem.

1534 2438 1710 2513 Oba.
1768 2434 1947 2510 Ulva
1997 2437 2311 2510 latissima
2368 2435 2644 2510 Thunb.
2697 2435 2806 2510 Fl.
2862 2435 3034 2536 Cap.
3086 2436 3193 2510 ed.
3247 2435 3589 2517 Schultes.
3638 2466 3707 2537 p.
3759 2439 3897 2514 751
3959 2442 4498 2525 est,secundum

1231 2559 1788 2657 descriptionem,
1841 2567 2066 2630 nostra
2124 2552 2304 2632 Ulva
2357 2555 2704 2660 capensis,
2757 2579 3163 2651 quamquam
3210 2552 3472 2630 Iridaea
3526 2559 3823 2631 orbitosa
3876 2585 3939 2630 ν.
3970 2555 4335 2632 Suhr.sub
4368 2559 4502 2633 boc

1231 2681 1501 2751 nomine
1554 2679 1621 2749 in
1676 2674 1989 2747 herbario
2054 2671 2480 2768 Thunbergii
2528 2682 2924 2744 asservatar.
3032 2668 3145 2742 Ad
3201 2675 3472 2769 species
3529 2678 3594 2746 in
3641 2672 3852 2749 Flora
3909 2679 4188 2774 capensi
4242 2676 4501 2750 descri-

1214 2808 1384 2895 ·ptas
1437 2789 1956 2893 cognoscendas
2011 2816 2148 2863 non
2203 2816 2479 2887 semper
2532 2788 2709 2862 valet
2759 2792 2908 2884 ejus
2957 2788 3357 2870 herbarium.

1643 2945 1714 3018 2.
1796 2943 2015 3017 Unvs
2066 2963 2491 3024 Ausa-nnus
2542 2939 2825 3022 Arma,

1538 3077 1798 3153 Thallo
1849 3075 2280 3150 stramineo-
2331 3074 2375 3150 l.
2431 3072 3099 3149 flavescenti-viridi
3151 3098 3195 3148 e
3251 3075 3545 3153 duobus
3588 3077 4007 3152 cellularum
4062 3078 4302 3152 stratis
4355 3079 4504 3153 for·

1236 3209 1432 3275 mato
1511 3197 1684 3283 8,oe
1763 3194 1806 3269 1.
1883 3194 2153 3280 0,09·2
2226 3216 2479 3266 crasso
2558 3192 2886 3291 primitus
2953 3192 3417 3268 umbilicatim
3469 3192 3736 3270 adnato
3791 3194 4113 3295 undique
4163 3219 4503 3295 expanso

1232 3317 1486 3393 lobato
1543 3312 1886 3414 varieque
1936 3311 2146 3398 fisso,
2201 3308 2523 3409 denique
2574 3306 3132 3383 lato-renisormi
3184 3309 3457 3384 eximie
3505 3309 3844 3385 laciniato
3896 3310 4222 3412 margine
4266 3312 4505 3386 undu·

1234 3435 1381 3510 lato
1462 3430 1996 3529 lacero-crispo
2074 3426 2236 3502 basi
2297 3424 3031 3501 cordato-rotundato
3085 3427 3349 3514 sessili‚
3403 3423 3680 3509 cellulis
3731 3426 4166 3503 verticaliter
4215 3427 4507 3503 lineari-

1236 3552 1376 3626 bus
1435 3547 1901 3625 densissimis

1540 3685 1623 3757 ln
1701 3679 2029 3756 caulibus
2116 3676 2485 3760 Cauliniae
2569 3674 3004 3752 antarcticae
3083 3678 3492 3778 parasitica,
3581 3677 3675 3753 ad
3754 3700 3957 3749 oram
4010 3674 4265 3755 Novae
4320 3679 4506 3754 Hol-

1239 3800 1521 3876 landiae
1568 3795 1954 3874 australem
2012 3796 2083 3869 in
2134 3794 2298 3869 sinu
2335 3795 2516 3867 Port
2567 3790 2950 3868 Adelaide.

1542 3933 1613 4012 A
1672 3934 1879 4037 priori
1944 3933 2212 4028 specie,
2266 3954 2440 4027 quae
2491 3954 2650 4001 vera
2706 3926 2972 4002 videtur
3024 3930 3407 4027 rupincola,
3461 3928 3678 4002 differt
3723 3955 3858 4001 non
3913 3941 4164 4001 tantum
4216 3933 4505 4003 statione

1244 4097 1337 4113 —
1388 4055 1608 4125 omnia
1663 4075 1912 4147 nempe
1964 4074 2002 4119 a
2048 4072 2157 4120 me
2216 4050 2357 4119 visa
2418 4047 2786 4143 specimina
2839 4047 3192 4143 parasitica
3247 4059 3401 4118 sunt
3459 4089 3552 4103 —
3609 4072 3842 4118 verum
3898 4050 4096 4119 etiam
4153 4047 4389 4120 colore
4441 4060 4510 4120 et

1240 4174 1452 4245 ferma
1506 4168 1717 4253 thalli,
1772 4175 1844 4239 ut
1890 4190 2023 4236 non
2073 4165 2410 4261 potuerim
2462 4188 2598 4233 non
2652 4160 3028 4236 distinctam
3082 4161 3335 4236 habere
3389 4165 3712 4261 speciem.
3819 4160 4104 4235 Thallus
4157 4180 4381 4261 usque
4429 4165 4507 4236 6-

1242 4289 1614 4389 pollicaris,
1668 4286 1850 4356 initio
1898 4281 2325 4358 umbilicatim
2380 4303 2752 4376 expansus,
2806 4276 3098 4376 denique
3151 4281 3215 4350 in
3268 4277 3542 4356 frondes
3595 4291 3941 4382 separatas
4008 4279 4246 4366 fissus3
4329 4282 4507 4354 fron-

1244 4408 1369 4480 des
1422 4401 2044 4500 circumscriptione
2080 4398 2234 4495 plus
2275 4399 2491 4472 minus
2520 4394 2947 4481 reniformes,
2996 4396 3142 4467 basi
3172 4393 3844 4472 cordato-rotundam
3877 4409 3945 4468 et
3976 4396 4117 4470 fere
4143 4399 4510 4471 incrassata

1253 4523 1623 4599 Cauliniae
1678 4519 1991 4601 adnatae,
2048 4513 2344 4611 undique
2402 4513 2704 4610 margine
2750 4537 2968 4609 usque
3020 4513 3082 4583 in
3147 4512 3432 4588 mediam
3474 4525 3733 4611 partem
3773 4512 4150 4598 laciniatae3
4201 4516 4511 4601 laciniae,

1245 4641 1455 4713 axillis
1517 4635 1921 4719 rotundatiS,
1994 4635 2231 4708 iterum
2299 4630 2534 4724 (immo
2589 4626 3049 4722 dichotomo-)
3103 4628 3480 4715 laciniatae,
3532 4632 3831 4727 margine
3885 4629 4511 4729 undulato-crispae

1244 4771 1312 4831 et
1361 4757 1712 4828 laceratae.
1786 4749 2150 4824 Exsiccata
2180 4746 2591 4818 substantiae
2619 4745 3042 4824 subcomeae
3072 4757 3140 4818 et
3168 4742 3716 4852 Rhodymeniam
3747 4747 4083 4846 quandam
4111 4751 4514 4822 stramineo-

1242 4879 1688 4948 virescentem
1742 4869 1883 4942 sere
1943 4865 2304 4939 aemulans.

1662 5020 1731 5093 3.
1800 5019 2032 5093 -ULVA
2077 5034 2602 5090 Lss‘revmnns
2655 5012 2941 5090 Aresch.

1551 5151 1812 5227 Thallo
1864 5151 2050 5225 laete
2102 5143 2313 5221 viridi
2367 5169 2410 5218 e
2473 5142 2769 5220 duobus
2818 5143 3238 5218 cellularum
3293 5144 3530 5219 stratis
3581 5143 3895 5220 sonnato
3952 5145 4203 5234 0,031.
4242 5148 4513 5233 ‹1052-

1250 5297 1501 5349 crasso
1554 5270 1881 5371 primitus
1964 5262 2424 5341 umbilicatim
2481 5261 2749 5340 adnato
2806 5260 3128 5361 undique
3181 5284 3515 5360 expanso
3566 5259 3814 5336 lobato
3865 5262 4223 5362 varioque
4281 5263 4511 5338 modo
