4984 6517
1387 670 1430 691 ..
3479 604 3597 692 ’75

466 825 557 894 to.
657 815 734 891 Ρ.
792 813 1152 918 (Drscrr.)
1195 837 1512 893 sunus.
1615 812 1813 892 Nee:
1867 814 1910 891 l.
1967 840 2029 892 c.
2088 814 2132 891 f.
2185 822 2244 892 ⁴.
2349 815 2589 918 Epicr.
2641 815 2684 892 l.
2735 842 2797 892 c.
2852 814 3117 922 Jungh.
3181 818 3338 894 Jav.
3394 816 3440 893 f.
3497 830 3602 897 36.

457 2672 551 2742 n.

454 4352 551 4420 ⁴2.

748 958 834 1032 ln
885 956 1122 1032 insula
1171 954 1501 1031 Nikobar
1546 955 1872 1056 copiose.
1978 957 2402 1033 Didrichsen
2447 987 2513 1030 n.
2567 965 2660 1033 14.

756 1096 995 1199 Stipes
1045 1100 1375 1200 exquisite
1423 1099 1747 1188 lateralis,
1799 1113 2012 1189 teres,
2063 1127 2195 1174 nec
2267 1106 2531 1172 su'rsum
2595 1098 2939 1183 dilatatus,
2994 1097 3140 1170 basi
3194 1097 3260 1169 in
3313 1099 3551 1174 orbem
3603 1099 3705 1172 di-

651 1219 925 1305 latatus,
979 1217 1225 1305 laevis,
1280 1217 1556 1316 glaber,
1610 1245 1869 1318 opacus
1918 1226 2079 1313 (nec
2147 1219 2505 1309 laecatus),
2563 1217 2735 1290 linea
2807 1228 2989 1289 recta
3044 1217 3367 1289 transiens
3420 1219 3485 1290 in
3534 1219 3705 1317 pile·

653 1364 761 1409 um
823 1339 1239 1424 coriaceum,
1293 1336 1615 1435 rigidum,
1667 1336 2126 1425 reniformem,
2179 1340 2486 1437 utrinque
2539 1334 2970 1435 applanatum
3019 1334 3129 1407 vel
3180 1335 3406 1433 potius
3463 1362 3704 1436 super-

649 1481 733 1528 ne
785 1453 1227 1555 depressum,
1279 1457 1517 1528 subtus
1565 1482 1942 1529 convexum
1971 1459 2082 1529 vix
2133 1456 2493 1543 uncialem,
2522 1454 3347 1553 ferrugineo-brunneum,
3382 1480 3703 1554 opacum,

652 1599 935 1645 azonum
998 1573 1037 1645 l.
1097 1573 1285 1646 zonis
1365 1573 1600 1673 paucis
1674 1574 2180 1646 obscurioribus
2257 1576 2549 1672 pictu1n;
2601 1575 2900 1670 margine
2982 1584 3218 1659 acuto,
3274 1572 3707 1647 circumcirca

662 1690 1148 1777 adscendente,
1198 1692 1436 1765 subtus
1514 1690 1781 1765 definite
1836 1692 2058 1764 sterili.
2171 1690 2551 1765 Contextus
2624 1692 2963 1763 floccosus
3031 1690 3254 1779 albus,
3307 1692 3420 1762 vix
3468 1691 3706 1765 lineam

653 1835 980 1883 crasssus.
1086 1806 1255 1881 Pori
1335 1810 1745 1896 brevissimi,
1809 1811 1922 1882 vix
1985 1813 2020 1907 ᾗ
2072 1808 2175 1882 lin.
2233 1810 2449 1909 longi,
2500 1811 2763 1895 minuti,
2815 1809 3191 1906 regulares,
3241 1809 3498 1896 obtusi,
3555 1809 3706 1884 albi.

650 1924 854 2001 Prior
906 1927 1138 2001 colore
1192 1926 1410 2014 luteo,
1457 1926 1664 1999 nitido
1715 1927 2122 2027 reliquisque
2182 1930 2357 2000 notis
2411 1954 2571 2001 mox
2623 1928 3058 2026 dignoscitur.
3140 1924 3513 2025 Utriusque
3540 1955 3704 2001 vero

649 2044 1174 2146 descriptiones,
1223 2073 1261 2119 a
1317 2043 1582 2119 Neesio
1637 2044 1866 2132 datae,
1927 2071 1964 2116 a
2018 2046 2187 2118 meis
2248 2048 2730 2145 speciminibus
2782 2047 2847 2118 in
2907 2047 3106 2123 variis
3158 2045 3503 2118 recedunt.

541 2204 606 2239 '⁸
649 2204 731 2281 P.
786 2204 1204 2305 (Demus)
1257 2227 1676 2282 mertuos.
1782 2201 1999 2277 Berk.
2059 2201 2133 2276 in
2184 2200 2379 2277 Ann.
2438 2202 2528 2277 of
2567 2200 2720 2278 Nat.
2777 2202 2962 2278 Hist.
3017 2203 3110 2278 X.
3164 2228 3233 2303 p.
3285 2212 3428 2279 379.

757 2355 934 2431 Cum
1015 2356 1614 2457 praecedentibus,
1667 2383 1708 2429 a
1773 2355 2142 2454 Berkeleyo
2194 2358 2448 2457 optime
2532 2358 2947 2458 descriptus,
3023 2364 3324 2461 margine
3401 2375 3709 2453 erenato,

656 2477 895 2550 subtus
944 2477 1186 2564 sterili,
1239 2488 1310 2550 et
1354 2478 1544 2576 poris
1592 2472 1839 2575 pallide
1896 2475 2213 2549 brunneis
2265 2503 2426 2550 mox
2477 2476 2845 2551 distinctus.

653 2666 735 2743 P.
791 2666 1220 2765 (D1scms)
1269 2686 1768 2741 ssneumws.
1872 2660 2114 2763 Epicr.
2166 2687 2237 2763 p.
2290 2669 2433 2737 444.

753 2807 822 2881 Ε
871 2807 1196 2894 Guinea‚
1250 2808 1582 2907 Afzdiue
1639 2806 1768 2905 (Ic.
1819 2829 1886 2880 n.
1944 2808 2083 2907 4.);
2152 2830 2196 2879 e
2250 2803 2490 2879 multis
2554 2803 2739 2881 locis
2796 2803 3005 2908 regni
3072 2803 3441 2880 Mexicani
3504 2802 3710 2878 Lieb-

649 2954 851 3011 man,-
905 2951 951 3000 e
997 2926 1220 3001 Costa
1265 2924 1475 3011 Rica,
1538 2912 1822 3009 Orsteck
1876 2948 1921 2998 e
1972 2921 2159 2997 Pulo
2213 2920 2391 2997 Milu
2466 2924 2827 2998 Didrichs.
2881 2953 2948 2997 n.
3013 2934 3124 3011 10,
3176 2920 3364 2998 Pulo
3429 2923 3714 3026 Pinang

651 3046 1012 3119 Didrichs.
1062 3074 1130 3117 n.
1178 3051 1292 3130 27,
1347 3041 1628 3118 Hawaii
1679 3042 2038 3117 Didrichs.
2089 3071 2155 3115 n.
2202 3048 2313 3116 52.

756 3191 1052 3294 Species
1102 3195 1477 3279 notissima,
1533 3194 1626 3266 ob
1678 3192 1927 3292 pileum
1982 3217 2266 3264 azonum
2344 3201 2414 3262 et
2486 3190 3135 3291 polito-laevigatum
3204 3191 3269 3263 in
3320 3189 3448 3263 hac
3500 3192 3711 3290 stirpe

653 3312 1006 3388 recedens.
1109 3312 1368 3387 Forma
1446 3308 1809 3384 admodum
1879 3312 2121 3396 variat3
2198 3308 2532 3382 habemus
2597 3310 2965 3408 specimina
3033 3309 3258 3407 stipite
3313 3309 3588 3383 centrali
3643 3319 3713 3382 et

659 3433 935 3507 sessilia.

751 3577 935 3653 Inter
989 3607 1385 3654 numerosas
1459 3578 1658 3676 hujus
1733 3576 1983 3650 formas
2039 3602 2206 3674 prae
2281 3576 2524 3649 ceteris
2600 3576 3053 3677 memorabilis
3105 3588 3212 3650 est
3260 3576 3711 3675 Hydnoidea,

655 3697 973 3800 hymenio
1025 3700 1091 3771 in
1121 3697 1345 3772 medio
1393 3699 1459 3770 in
1510 3697 1749 3770 dentes
1798 3696 2152 3793 elongatos
2198 3695 2448 3767 incisos
2477 3721 2761 3792 prorsus
2806 3691 3092 3767 »Raduli
3144 3695 3465 3795 palmati»
3498 3692 3710 3767 Berk.

654 3816 1145 3891 efflorescente.
1252 3814 1430 3889 Cum
1477 3818 1756 3914 insuper
1831 3814 2118 3887 vidimus
2182 3809 2359 3909 (Csr.
2423 3808 2707 3884 Elench.
2770 3811 2984 3911 sung.)
3043 3815 3413 3913 specimina
3472 3812 3711 3886 eximie

651 3937 999 4009 imbricata
1055 3946 1124 4007 et
1173 3934 1523 4033 prolisera,
1574 3932 1941 4006 differentia
2021 3932 2107 4003 P.
2167 3929 2500 4002 cris-culae
2550 3928 2920 4018 Klotszeh,
3003 3928 3214 4005 Berk.
3272 3929 3452 4005 Anu.
3532 3928 3709 4003 Hist.

655 4050 816 4127 Nat.
887 4050 1009 4125 ΠΙ,
1061 4080 1129 4152 p.
1178 4060 1300 4126 387
1353 4052 1510 4125 mihi
1580 4051 1777 4127 valde
1848 4051 2052 4124 dubia
2101 4061 2224 4122 est.
2327 4046 2408 4122 Si
2459 4075 2625 4123 vero
2687 4061 3046 4123 antonoma
3096 4052 3398 4151 species,
3453 4047 3539 4121 ad
3599 4074 3711 4122 se-

655 4183 973 4272 quentem
1029 4173 1305 4271 stirpem
1359 4172 1699 4246 referatur.

655 4345 734 4420 P.
793 4345 1214 4445 (D1scmzs)
1271 4368 1736 4423 mammons.
1839 4341 2084 4444 Epicr.
2136 4367 2208 4444 p.
2263 4350 2405 4417 442.
2512 4344 2591 4418 P.
2648 4340 3171 4418 monochrous.
3232 4344 3454 4418 Mont.
3518 4341 3708 4419 Ceut.

657 4465 757 4538 ΙΙ.
808 4493 874 4538 n.
930 4468 1064 4540 82!

759 4610 846 4686 In
899 4611 1190 4686 Guinea
1236 4609 1330 4684 ad
1381 4617 1701 4685 truncos.
1809 4610 2161 4709 Afzelius.

757 4755 1314 4859 Descriptionem
1365 4759 1632 4860 plenam
1688 4770 1758 4833 et
1808 4762 2127 4858 optimam
2174 4758 2361 4833 dedit
2388 4760 2778 4855 Montagne
2828 4759 2870 4832 l.
2917 4786 2974 4832 c.
3077 4757 3209 4833 Est
3261 4763 3326 4833 in
3379 4759 3508 4833 hac
3560 4761 3711 4832 stir-

656 4903 748 4977 pe
798 4879 1139 4951 abnormis
1190 4879 1338 4952 basi
1391 4880 1631 4978 stipitis
1678 4905 2108 4979 praemorsa,
2160 4882 2273 4951 vix
2325 4878 2911 4952 scutato-dilatata.

458 5073 555 5143 ⁴3.
674 5068 752 5143 Ρ.
810 5068 1164 5170 (msam.)
1219 5089 1738 5146 nnumows.
1839 5067 2082 5144 Berk.!
2136 5068 2336 5143 Cent.
2392 5068 2446 5143 Ι.
2503 5093 2572 5144 n.
2629 5077 2689 5147 4.
2796 5071 2885 5143 P.
2911 5081 3252 5144 murinus.
3284 5067 3482 5143 Lev.!
3512 5067 3706 5142 Ann.

665 5187 782 5262 Sc.
835 5185 989 5261 Nat.
1047 5193 1230 5261 1844.
1289 5188 1378 5263 11.
1432 5212 1499 5287 p.
1557 5194 1699 5263 ⁴85.
1758 5191 2142 5286 (contextu
2191 5186 2396 5263 vario
2412 5190 2466 5288 Ξ)

757 5328 883 5406 Ad
933 5340 1235 5407 truncos
1285 5333 1514 5409 Javae
1561 5342 1637 5409 et
1702 5332 2100 5435 specimina
2161 5342 2456 5409 nostrae
2508 5330 2790 5408 formae
2860 5340 3124 5407 exacte
3191 5330 3708 5433 respondentia
