4984 6517
1408 560 1582 671 m

1492 782 1666 857 hanc
1747 786 2025 883 stirpem
2105 782 2383 882 iusuper
2453 780 2881 859 referendae:
2962 791 3047 859 X.
3122 785 3426 887 Guepim‘
3480 784 3590 860 ΕΙ.
3641 786 3711 858 2.
3764 813 3832 887 p.
3884 785 3986 861 59
4040 789 4538 891 (nobilissima),

1499 901 1596 974 X.
1643 919 2056 975 mucronata
2107 913 2177 975 et
2224 909 2308 975 X.
2350 912 2777 1002 perticat-ia.
2826 900 3168 978 Schwein.
3218 904 3375 979 Car.
3427 918 3497 979 et
3543 903 3621 978 S.
3671 903 3817 994 Μ.,
3873 903 3967 979 X.
4010 932 4224 981 cornu
4284 907 4541 989 Damae

1499 1019 1830 1094 Schwein.
1894 1021 2055 1093 Am.
2084 1047 2170 1121 p.
2216 1028 2353 1095 189.
2408 1027 2493 1093 X.
2524 1018 3058 1122 flabellg'formis
3108 1024 3148 1097 l.
3205 1050 3264 1097 c.
3316 1032 3400 1099 X.
3447 1023 3858 1126 polycladia
3895 1024 3980 1098 Ρ.
4033 1034 4120 1101 Χ.
4153 1029 4540 1126 fulvovelu-

1494 1148 1646 1212 tina
1701 1135 1911 1212 Berk.
1958 1137 2181 1212 Lond.
2229 1137 2464 1213 Journ.
2512 1136 2563 1211 Ι,
2609 1166 2678 1239 p.
2736 1139 2912 1230 154,
2965 1150 3049 1217 Χ.
3084 1145 3460 1243 foejeenm
3505 1144 3544 1216 l.
3604 1169 3698 1232 c.‚
3746 1152 3833 1217 Χ.
3882 1155 4297 1221 microceras
4328 1146 4536 1226 Mont.

1503 1254 1586 1330 C.
1636 1259 1706 1330 2.
1752 1286 1815 1332 n.
1870 1257 1989 1343 33,
2043 1261 2148 1331 cui
2202 1259 2412 1333 affinis
2463 1256 2729 1332 videtur
2778 1267 2864 1334 X.
2920 1263 3191 1335 diceras
3239 1260 3357 1351 Ρ.,
3408 1288 3644 1337 omnes
3697 1265 3827 1337 sub
3887 1261 4244 1365 Sphaeria.

1401 1410 1435 1442 ⁸
1485 1409 1849 1508 (Xnoc.)
1897 1432 2377 1485 rnumssnus.
2487 1407 2842 1510 Sphaeria
2891 1403 3163 1507 Zippel.
3222 1451 3317 1465 —
3364 1406 3558 1483 Anu.
3616 1406 3735 1482 Sc.
3764 1404 3921 1483 Nat.
3963 1407 4179 1484 1845.
4234 1409 4287 1483 Ι.
4326 1435 4394 1511 p.
4426 1414 4536 1489 44.

1601 1550 1976 1651 Singularis
2051 1554 2321 1651 species
2389 1550 2587 1649 hujus
2664 1553 2925 1651 gregis.
3007 1550 3091 1624 ad
3160 1550 3369 1626 Rhiz.
3422 1552 3976 1655 hispidissimam
4044 1557 4415 1647 accedens,
4484 1571 4545 1633 at

1502 1683 1774 1771 praeter
1819 1683 2014 1744 notas
2065 1672 2334 1770 generis
2388 1671 2759 1770 conspicue
2811 1668 3031 1743 differt
3077 1669 3465 1744 indumento
3512 1673 3751 1772 stipitis
3801 1700 3938 1748 non
3993 1676 4319 1774 strigoso.

1306 1820 1417 1893 10.
1495 1818 1586 1894 Χ.
1647 1817 2053 1916 (Xnos‘r.)
2102 1839 2529 1903 rumonus,
2583 1812 3141 1915 simplicissima,
3193 1824 3437 1905 tenax,
3490 1815 3854 1905 subulata,
3905 1819 4224 1922 gracilis,
4254 1819 4548 1926 longitu-

1327 4946 1386 5018 1.

1503 1935 1835 2011 dinaliter
1881 1958 2187 2035 rugosa,
2249 1933 2573 2034 undique
2615 1931 2895 2035 glabra,
2948 1932 3108 2009 basi
3160 1933 3396 2037 nigra,
3451 1935 3694 2011 medio
3733 1934 3985 2012 fertilis
4026 1938 4361 2029 cinerea,
4407 1941 4547 2044 api-

1504 2078 1593 2129 ce
1648 2052 1913 2129 sterilis
1966 2050 2286 2138 fulvella,
2343 2048 2759 2152 peritheciis
2812 2050 3227 2140 latentibuS,
3284 2052 3562 2129 ostiolis
3610 2054 4252 2156 punctiformibuS.

1599 2206 1728 2281 Ad
1778 2214 2078 2280 truncos
2128 2204 2202 2278 in
2249 2204 2486 2279 insula
2530 2201 2763 2279 Oahu.
2820 2206 3181 2280 Didrichs.
3237 2235 3304 2282 n.
3361 2214 3459 2284 15.

1609 2348 2017 2425 Catervatim
2061 2352 2386 2435 nascitur,
2440 2361 2510 2422 at
2549 2375 2678 2423 nec
2734 2350 3151 2448 caespitosa,
3200 2376 3423 2449 neque
3473 2374 3787 2449 umquam
3817 2375 4121 2438 ramosa,
4184 2349 4380 2423 1-2
4411 2376 4551 2425 unc.

1508 2482 1577 2544 et
1622 2470 1790 2544 ultra
1844 2470 2079 2568 longa,
2129 2472 2195 2543 in
2247 2469 2666 2567 longioribus
2719 2467 3016 2541 flexuosa
3066 2479 3136 2541 et
3189 2469 3370 2541 sicca
3421 2493 3632 2567 saepe
3680 2478 3891 2556 torta,
3973 2496 4009 2541 a
4062 2469 4219 2543 basi
4274 2467 4364 2541 ad
4412 2470 4547 2569 api-

1505 2615 1656 2662 cem
1708 2589 2159 2661 acutissimum
2233 2599 2565 2661 attenuata
2616 2598 2685 2660 et
2736 2583 3294 2686 longitudinaliter
3369 2614 3649 2687 rugosa3
3730 2614 3969 2661 versus
4023 2588 4255 2676 basin,
4319 2588 4547 2661 lineam

1506 2708 1617 2779 vix
1665 2732 1994 2793 crassam,
2044 2705 2313 2805 glabra,
2358 2707 2584 2804 nigra,
2629 2707 2696 2778 in
2749 2704 2974 2778 medio
3025 2707 3325 2791 cinerea,
3393 2708 3588 2806 apice
3635 2706 3981 2804 subgilva,
4041 2731 4177 2779 nec
4220 2707 4551 2805 pruinosa.

1504 2821 1888 2898 Perithecia
1945 2822 2241 2896 nondum
2295 2825 2471 2897 bene
2520 2824 2806 2897 evoluta.
2863 2868 2957 2881 —
3009 2820 3206 2897 Haec
3245 2848 3396 2896 cum
3449 2831 3532 2898 X.
3568 2824 3921 2923 fllgformi
3971 2821 4049 2898 S.
4103 2822 4253 2913 Μ.,
4295 2832 4378 2899 X.
4432 2848 4542 2901 sn-

1507 2940 1742 3017 bulari
1788 2940 1868 3016 S.
1917 2940 2099 3041 Veg.
2156 2938 2320 3028 Sc.,
2393 2950 2476 3017 Χ.
2532 2943 2880 3015 aciculari
2928 2940 3139 3016 Berk.
3201 2938 3426 3015 Lond.
3482 2939 3721 3015 Journ.
3770 2941 3825 3017 I.
3888 2971 3956 3044 p.
4021 2944 4203 3031 141,
4253 2950 4336 3019 Χ.
4376 2970 4545 3040 gra-

1511 3062 1770 3136 cillima
1820 3060 1941 3136 Fr.
1995 3059 2192 3134 Linn.
2255 3059 2468 3133 1830.
2499 3088 2569 3160 p.
2610 3060 2841 3149 1830,
2888 3068 2972 3135 Χ.
3004 3062 3331 3159 furcata
3381 3057 3589 3159 (Sph.
3648 3061 4034 3135 dichotoma
4079 3061 4359 3135 Leveill.
4409 3063 4449 3135 l.
4487 3088 4542 3136 c.

1515 3180 1729 3254 1845.
1780 3176 1833 3252 I.
1887 3207 1954 3278 p.
2009 3177 2106 3252 45
2169 3203 2300 3251 nec
2350 3174 2776 3278 Montagn.)‚
2850 3186 2935 3255 X.
2990 3179 3400 3280 scopg‘formi
3458 3176 3680 3253 Kunz.
3749 3181 4021 3254 alteram
4083 3180 4287 3279 hujus
4345 3182 4547 3256 tribus

1512 3302 1880 3374 sectionem
1929 3297 2299 3372 filisormem
2354 3298 2609 3370 sistunt.
2713 3304 2798 3371 X.
2854 3298 3272 3371 adscendens
3321 3294 3442 3371 Fr.
3490 3293 3686 3372 Linn.
3747 3299 3974 3388 1830,
4043 3307 4128 3378 Χ.
4202 3300 4551 3400 multifida

1510 3417 1732 3492 Kunz.
1786 3431 1913 3495 etc.
1967 3416 2069 3491 his
2125 3442 2400 3516 quoque
2449 3414 2798 3488 accedunt.

1609 3556 1815 3635 Prior
1858 3561 2068 3631 sectio
2123 3557 2375 3655 colligit
2428 3558 2699 3655 species
2752 3555 3081 3631 firmiores
3134 3556 3711 3656 subclavatasque.
3813 3554 3907 3633 H.
3962 3557 4001 3629 l.
4061 3569 4219 3632 sunt
4270 3566 4354 3633 X.
4409 3554 4551 3630 bul-

1508 3676 1671 3751 bosa
1719 3674 1837 3765 Ρ.,
1891 3672 1968 3748 S.
2015 3673 2155 3759 Μ.,
2225 3684 2307 3754 X.
2361 3685 2759 3772 grammica
2811 3672 3032 3748 Mont.
3090 3672 3172 3748 C.
3223 3672 3312 3750 II.
3366 3705 3429 3749 n.
3483 3676 3616 3763 23,
3664 3682 3750 3752 X.
3782 3676 4082 3772 gracilis
4130 3673 4543 3750 Berk.Ann.

1509 3795 1602 3870 H.
1640 3793 1801 3868 Nat.
1853 3791 1947 3866 X.
2002 3821 2069 3892 p.
2115 3792 2297 3880 398,
2350 3801 2433 3871 X.
2485 3792 2909 3867 escharoides
2966 3805 3035 3866 et
3081 3801 3168 3867 X.
3224 3792 3509 3892 thyrsus
3558 3790 3833 3869 Berkl.
3861 3820 3919 3867 c.
3960 3822 4030 3893 p.
4060 3793 4231 3869 385.
4261 3823 4321 3871 c.
4345 3798 4426 3870 ic.
4460 3838 4545 3851 —

1508 3913 1573 3988 E
1627 3911 2033 4011 Subgenere
2111 3911 2497 3995 Fram‘dia,
2571 3914 2764 4008 cujus
2836 3914 3103 4011 species
3160 3914 3225 3985 in
3283 3910 3360 3986 S.
3412 3910 3593 4012 Veg.
3648 3909 3766 3990 Sc.
3818 3913 4191 4001 indicatae,
4246 3913 4421 3987 nulla
4487 3914 4553 3987 in

1511 4033 1617 4106 his
1667 4032 2174 4107 collectionibus
2225 4029 2420 4103 adest
2470 4031 2759 4129 species.
2861 4027 3057 4103 Haec
3112 4031 3331 4105 obiter
3381 4031 3467 4106 de
3510 4033 3780 4131 generis
3833 4034 4192 4105 vastissimi
4244 4045 4314 4110 et
4361 4032 4549 4106 nobi-

1512 4154 1743 4227 lissimi
1815 4150 2290 4250 dispositione,
2372 4175 2534 4222 mox
2608 4146 2815 4224 fusius
2890 4149 3247 4222 tractanda.
3365 4146 3586 4223 Omisi
3652 4149 3747 4223 Χ.
3788 4166 4275 4249 portentosam
4346 4147 4552 4224 Mont.

1520 4269 1715 4345 Cent.
1767 4267 1820 4342 I.
1873 4298 1934 4342 n.
1988 4269 2086 4342 33
2136 4280 2206 4341 et
2257 4267 2351 4339 Χ.
2382 4265 3120 4364 janthino-volutinam
3171 4268 3211 4340 l.
3266 4294 3324 4341 c.
3370 4269 3439 4340 2.
3495 4296 3557 4340 n.
3610 4268 3729 4356 34,
3781 4293 3936 4340 cum
3988 4295 4028 4340 a
4079 4281 4251 4370 typo
4282 4269 4368 4343 ad
4394 4266 4555 4343 Rhi-

1519 4386 1933 4487 zomorphas
2009 4398 2345 4460 transeant
2419 4385 2810 4486 peritheciis
2887 4386 3435 4489 superficialibus.
3562 4385 3991 4486 Hypooeylon
4071 4388 4555 4484 Sagraeanum

1489 4505 1741 4581 'Mont
1798 4507 1969 4580 cub.
2019 4520 2063 4580 t.
2124 4506 2234 4578 12.
2276 4504 2316 4577 f.
2371 4506 2415 4577 4
2471 4532 2559 4579 ex
2606 4504 2734 4578 hac
2784 4530 2996 4603 grege
3071 4531 3353 4603 prorsus
3419 4504 3807 4578 excludatur
3858 4518 3927 4579 et
3977 4506 4063 4579 ad
4115 4507 4553 4580 Leveillineas

1514 4628 1700 4723 (cum
1754 4626 2092 4699 Leveillea
2141 4636 2370 4698 nostra
2419 4624 2485 4695 in
2535 4624 2754 4697 multis
2809 4624 3156 4733 convenit,
3207 4621 3379 4697 sorte
3410 4625 3886 4724 Pt’plostroma
3922 4621 4128 4726 Lev.)
4176 4626 4508 4701 referatur.

2081 4802 2677 4877 Rmzoluomms.
2783 4798 2996 4879 Roth.
3104 4798 3245 4879 Cfr,
3307 4798 3381 4879 S.
3436 4800 3623 4903 Veg.
3678 4800 3793 4875 Sc.

1523 4942 1661 5017 Ru.
1717 4946 2209 5021 Amsmmns.
2318 4942 2609 5017 Summ:
2641 4939 2827 5043 Veg.
2883 4940 2997 5020 Sc.
3053 4966 3122 5042 p.
3181 4942 3348 5016 382.
3412 4944 3583 5046 Spa.
3638 4941 4108 5020 subterranea.
4165 4938 4550 5016 Schwein.!
4672 4918 4677 4923 ’

1524 5062 2035 5281 AnSlpgciriuSefl
2070 5178 2312 5254 sterile
2366 5204 2410 5253 e
2466 5180 2685 5255 Costa
2734 5178 2915 5254 Rica
2963 5178 3285 5279 indeque
3336 5178 3525 5254 inter
3565 5176 3752 5253 hanc
3805 5185 3879 5254 et
3928 5180 4066 5254 Rh.
4118 5191 4551 5279 gaianensem

1527 5298 1862 5401 (Hypox.
1919 5295 2466 5397 Rhizomorpha
2517 5298 2741 5374 Mont.
2801 5300 2879 5374 C.
2929 5299 2995 5372 2.
3048 5322 3115 5377 n.
3181 5297 3312 5400 24)
3367 5295 3807 5400 ambiguum.
