4984 6517
1266 2123 1383 2196 48.

4400 0 4457 103 ,τ
4498 0 4807 183 q*

1374 645 1486 731 68

1469 856 1873 935 decoloratis
1929 861 2350 961 pallentibus.
2452 857 2712 933 Forma
2763 863 2990 961 potius
3051 860 3357 935 Tramet.
3398 857 3969 946 cinnabarrinae,
4026 873 4097 933 at
4125 857 4343 934 forma
4370 860 4524 958 pul-

1471 983 1724 1068 vinata,
1776 981 2008 1055 colore
2064 992 2132 1052 et
2181 981 2547 1079 praecipue
2600 982 2824 1080 poris,
2882 982 2993 1080 qui
3039 980 3239 1078 hujus
3292 983 3561 1081 generis
3611 992 3679 1053 et
3728 980 3974 1079 prioris
4022 981 4135 1052 vix
4186 981 4525 1076 majores,

1469 1124 1631 1173 mox
1679 1111 2049 1175 removent.
2150 1096 2384 1174 Pileus
2439 1126 2801 1199 numquam
2849 1099 3089 1198 stipitis
3133 1098 3575 1173 rudimentum
3624 1099 3848 1187 offert,
3902 1097 4028 1171 sed
4080 1124 4282 1171 secus
4313 1109 4525 1170 totam

1471 1217 1892 1318 diagonalem
1943 1220 2150 1292 latere
2201 1216 2514 1305 adnatus‚
2569 1221 2714 1292 basi
2768 1218 3135 1293 decurrens
3189 1232 3258 1292 et
3311 1227 3563 1315 junior
3634 1218 3845 1291 multo
3918 1221 4241 1303 crassior,
4311 1238 4526 1314 quam

1466 1337 1670 1425 latuS,
1715 1341 2067 1437 triqueter,
2119 1335 2269 1408 dein
2323 1337 2737 1435 pulvinatus,
2792 1338 3237 1422 flocculosus3
3291 1336 3446 1412 dein
3497 1339 3711 1437 mag-is
3761 1337 4191 1435 explanatus,
4262 1335 4312 1409 3
4372 1361 4524 1407 unc.

1471 1481 1691 1554 usque
1744 1455 1951 1542 latus,
2002 1457 2264 1527 unciam
2318 1482 2620 1545 crassus,
2674 1483 2874 1556 supra
2932 1481 3310 1543 convexuS,
3362 1456 3739 1555 glabratus,
3792 1468 3859 1528 at
3907 1480 4046 1528 non
4098 1454 4349 1527 nitens!
4424 1454 4523 1525 in-

1465 1584 1604 1649 star
1626 1574 1902 1672 prioriS,
1953 1574 2424 1673 inaequabilis,
2474 1578 2772 1675 margine
2803 1587 3021 1650 acuto.
3130 1572 3509 1648 Contextus
3558 1573 3818 1660 firmus,
3866 1573 4122 1661 aridus»,
4176 1572 4525 1645 floccoso-

1466 1690 1860 1780 fibrillosus,
1912 1691 2293 1791 pallescens
2315 1749 2334 1780 ,
2396 1693 2794 1768 Fistulinae
2841 1694 3203 1796 hepatis-ae
3264 1694 3470 1767 instar
3518 1692 4223 1765 rubro-marmoratus.
4331 1686 4525 1762 Sub-

1467 1821 1574 1882 tus
1623 1810 1895 1909 planus,
1974 1812 2267 1885 obscure
2324 1813 2664 1902 miniatus,
2727 1818 2917 1915 poris
2980 1813 3150 1887 ultra
3201 1810 3439 1884 lineam
3497 1811 3751 1910 longis,
3819 1812 4117 1898 minutiS‚
4179 1809 4525 1915 rotundis,

1467 1928 1894 2026 aequalibus,
1949 1929 2445 2003 obtusiusculis.

1466 2122 1545 2196 Ρ.
1599 2143 2227 2198 mannos-vnvm.
2305 2119 2563 2195 Berk.!
2637 2117 2866 2206 ined.‚
2926 2116 3123 2219 pileo
3170 2115 3860 2220 suberoso-lignoso
3922 2116 4159 2221 rigido
4212 2117 4525 2192 renisor-

1471 2239 1573 2315 mi
1622 2240 1961 2341 utrinque
2010 2238 2394 2339 applanato
2448 2236 2807 2339 laevigato
2859 2235 3117 2340 glabro
3171 2234 3493 2312 obscure
3533 2235 3762 2339 gilvo,
3813 2235 4005 2312 intus
4027 2234 4260 2323 fulvo,
4314 2236 4524 2337 poris

1468 2356 1784 2433 minimis
1838 2357 2170 2432 rotundis
2215 2354 2665 2432 brevissimis
2718 2353 3263 2430 cinnamomeiS.

1567 2500 1693 2576 Ad
1756 2511 2056 2578 truncos
2139 2506 2215 2581 in
2299 2504 2587 2579 Gaiana
2663 2502 2917 2579 Berk.!
2998 2501 3244 2592 herb.;
3325 2527 3369 2577 e
3434 2500 3737 2578 Brasilia
3809 2502 3957 2579 vidi
4029 2512 4522 2579 monstrosam

1465 2619 1798 2695 formam.

1574 2762 1894 2838 Omnium
1957 2764 2245 2865 partium
2326 2764 2592 2854 colore,
2670 2791 2877 2864 supra
2930 2762 3255 2851 indicato,
3311 2789 3351 2835 a
3403 2763 3730 2863 proximis
3802 2763 3980 2853 clare
4060 2763 4306 2854 differt,
4396 2765 4523 2840 sed

1476 2894 1759 2971 statura,
1815 2878 2028 2955 forma
2081 2892 2150 2956 et
2199 2883 2654 2982 magnitudine
2707 2909 2862 2956 cum
2915 2884 3005 2956 P.
3061 2882 3620 2982 Kamphb‘veneri
3668 2881 3833 2955 infra
3884 2886 4216 2979 convenit.
4318 2881 4522 2959 Stru-

1319 3072 1338 3085 ,
1476 3012 1664 3074 ctura
1743 3028 1880 3075 non
1961 3013 2068 3075 est
2137 3001 2246 3073 illa
2310 3002 2874 3101 longitudinaliter
2943 3002 3263 3077 fibrillosa
3338 2997 3905 3101 Polystictorum,
3976 2998 4103 3075 sed
4176 3002 4523 3077 floccoso·

1267 3912 1386 3985 49.

1467 3121 1802 3194 suberosa
1854 3117 2268 3195 Trametum.
2368 3120 2541 3195 Pori
2597 3147 2761 3195 vero
2816 3119 3180 3194 admodum
3233 3121 3495 3220 stipati,
3572 3118 3754 3193 nudo
3825 3120 4028 3193 oculo
4098 3122 4213 3195 vix
4261 3120 4522 3197 discer-

1468 3237 1707 3330 nendi,
1763 3239 2074 3314 videntur
2120 3242 2389 3315 omnino
2441 3239 2814 3343 Polypori,
2866 3239 3027 3313 licet
3082 3238 3446 3312 admodum
3510 3240 3714 3328 curti,
3783 3241 3896 3312 vix
3940 3242 3979 3337 ᾖ
4027 3239 4134 3312 lin.
4187 3239 4229 3312 l.
4278 3267 4521 3339 parum

1467 3358 1640 3431 ultra
1686 3359 2003 3458 profimdi
2055 3372 2124 3433 et
2172 3358 2338 3460 pilei
2387 3387 2622 3463 margo
2674 3371 2947 3459 patens,
3000 3369 3255 3431 acutus.
3354 3354 3532 3430 Pilei
3576 3357 3974 3457 superficies
4032 3384 4163 3432 nec
4217 3358 4524 3433 floccosa

1466 3502 1600 3550 nec
1647 3488 1887 3550 zonata
1938 3478 2082 3550 visa
2135 3490 2274 3563 est;
2323 3478 2704 3551 vetustioris
2769 3480 2874 3573 (ut
2925 3501 3114 3574 spec.
3148 3470 3635 3574 ''Brasiliensia)
3685 3475 3827 3549 sere
3878 3477 4197 3553 brunnea.
4253 3521 4347 3533 —
4402 3476 4522 3550 An

1467 3594 1717 3695 Polyp.
1769 3620 2067 3693 cupreus
2107 3591 2352 3668 Berk.!
2402 3597 2467 3667 in
2492 3591 2673 3666 Ann.
2698 3591 2873 3665 Hist.
2907 3590 3067 3666 Nat.
3099 3589 3221 3667 III.
3250 3620 3318 3693 p.
3346 3590 3516 3667 393.
3555 3620 3719 3667 vere
3776 3592 4084 3668 diversus
4131 3596 4246 3681 sit,
4295 3597 4524 3669 nesci·

1469 3739 1641 3786 mus.
1750 3709 2117 3791 Quamtum
2174 3739 2213 3787 e
2262 3710 2706 3811 fragmentulo
2752 3710 3050 3808 judicare
3098 3710 3256 3785 licet
3304 3710 3524 3786 differt
3578 3710 3786 3785 modo
3833 3714 4017 3812 pileo
4069 3716 4373 3787 tenuiori.

1472 3908 1553 3985 P.
1611 3902 2005 4008 (Laws.)
2057 3930 2396 3983 surmus.
2498 3904 2741 4008 Epicr.
2792 3934 2861 4008 p.
2910 3907 3079 3984 471.
3130 3909 3388 3986 Beria!
3435 3910 3629 3989 Ann.
3686 3911 3867 3989 Hist.
3918 3910 4073 3988 Nat.
4103 3912 4196 3988 X.
4242 3940 4311 4014 p.
4346 3914 4519 3993 375.

1470 4030 1558 4102 P.
1621 4024 2198 4102 Valenzuelianus
2251 4025 2478 4102 Mont.
2536 4025 2716 4101 Cub.
2774 4033 2818 4102 t.
2882 4028 2995 4103 15.
3053 4026 3101 4102 f.
3153 4030 3233 4115 4,
3286 4034 3471 4103 teste
3521 4028 3913 4130 Berkeley,
3965 4027 4104 4105 sed
4153 4031 4324 4107 icon
4368 4033 4523 4113 lau-

1473 4148 1638 4227 data
1687 4169 1731 4219 a
1772 4147 1958 4225 meis
2008 4169 2249 4246 specc.
2305 4144 2551 4246 quoad
2604 4145 2932 4221 colorem
2992 4172 3295 4248 prorsus
3349 4145 3673 4222 discedit.

1517 4280 1534 4291 ⁴
1568 4293 1653 4366 In
1707 4288 1914 4365 India
1966 4283 2399 4360 occidentali
2445 4285 2678 4389 (Sim,
2737 4282 3077 4391 Benzon)
3127 4293 3203 4361 et
3246 4283 3598 4361 America
3647 4283 3959 4375 boreali,
4011 4287 4305 4393 passim.

1567 4432 1650 4509 In
1697 4436 1944 4509 nostris
2009 4443 2079 4504 et
2126 4429 2618 4533 Berkeleyanis
2683 4435 3164 4532 speciminibus
3205 4434 3443 4534 pileus
3494 4431 4224 4537 dealbato-pallescens
4275 4437 4523 4537 (deco-

1475 4554 1816 4651 loratus?)
1885 4553 2288 4650 laevigatus,
2347 4550 2615 4649 glaber3
2669 4554 2823 4651 pori
2880 4554 3143 4640 minuti,
3190 4551 3491 4640 rotundi,
3564 4557 3952 4654 conspicui,
4008 4583 4188 4631 nunc
4235 4560 4525 4633 umbrini

1435 4701 1629 4749 ·rore
1682 4674 1908 4772 griseo
1956 4670 1998 4743 l.
2052 4668 2298 4743 exoleti
2346 4668 2539 4745 fusci.
2642 4667 2720 4742 In
2772 4671 3056 4745 exoletis
3123 4672 3320 4744 etiam
3389 4684 3744 4746 contextus
3794 4672 4131 4749 fuscescit.
4227 4672 4524 4755 Habitus

1474 4792 1615 4867 bre
1668 4792 1755 4864 P.
1811 4790 2088 4864 adusti!
2191 4784 2445 4866 Quoad
2512 4786 2794 4862 formam
2864 4789 3150 4863 maxime
3210 4791 3419 4864 variat
3486 4789 4060 4883 effuso-reflexus,
4106 4793 4524 4894 pulvinatus,

1477 4922 1547 4984 et
1593 4920 1668 4982 ut
1724 4909 1920 4982 etiam
1978 4905 2448 5006 magnitudine.

1274 5090 1392 5166 50.
1480 5090 1558 5165 P.
1615 5087 2011 5209 (Luvm.)
2058 5107 2661 5162 sancumanms.
2766 5081 3183 5161 Klotzsch!
3236 5083 3478 5188 Epicr.
3526 5112 3596 5192 p.
3650 5086 3821 5165 470.

1577 5229 1661 5306 In
1706 5228 1957 5305 insulis
2004 5226 2476 5332 Archipelagi
2523 5225 2771 5303 Indici.

1585 5371 1894 5449 Cuticula
1940 5373 2408 5464 decolorante,
2468 5374 2627 5451 hinc
2691 5372 2849 5450 inde
2918 5375 3665 5478 sanguineo-variegata
3727 5379 4040 5479 insignis3
4113 5392 4432 5481 quantum
4479 5408 4520 5456 e
