4984 6517
3440 599 3613 685 3427

412 899 417 908 ,
456 802 751 875 corticali
803 802 1061 875 scilicet
1112 801 1367 875 cellulis
1413 806 1678 879 minutis
1730 805 2101 880 rotundatis
2156 807 2440 879 formato
2498 820 2568 879 et
2617 811 2877 882 interno
2909 810 3164 885 cellulis
3194 814 3722 913 subhexangulis

460 920 875 1016 composit03
951 918 1081 992 bae
1136 919 1416 993 cellulae
1474 949 1600 1019 per
1652 937 1928 997 stratum
1995 925 2312 998 corticale
2367 924 2557 998 facile
2610 925 2941 1015 videntur,
2995 930 3173 1003 unde
3225 933 3425 1005 oculo
3485 958 3719 1030 parum

459 1047 709 1110 armato
756 1037 1020 1110 videtur
1071 1036 1312 1110 thallus
1368 1037 1507 1112 fere
1563 1055 1633 1113 ut
1684 1045 1750 1114 in
1805 1040 2213 1142 Nitophyllo
2266 1042 2671 1115 reticulatus.

1318 1221 1508 1295 XIII.
1592 1222 2605 1300 PHACELOCARPUS
2659 1229 2872 1301 Endl.

861 1361 1526 1437 PHACELOCARPUS
1583 1386 1868 1439 nessus
1919 1367 2207 1440 Ares-ch.

766 1496 1023 1572 Thallo
1077 1497 1288 1572 tereti
1331 1523 1618 1573 sursum
1677 1511 2045 1579 attenuato
2100 1505 2609 1605 decomposite
2646 1504 3468 1596 subdisticho-ramoso,
3500 1511 3718 1586 ramis

468 1622 540 1687 et
581 1613 1003 1714 praesertim
1061 1614 1355 1689 ramulis
1412 1614 1568 1691 basi
1618 1620 2018 1695 attenuatis,

762 1757 885 1831 Ad
941 1782 1145 1832 oram
1198 1757 1750 1833 meridionalem
1806 1761 2060 1838 Novae
2112 1763 2584 1851 Hollandiae,
2637 1766 2708 1839 in
2760 1766 2919 1840 sinu
2973 1767 3154 1841 Port
3204 1766 3590 1843 Adelaide.

766 1901 1027 1976 Callum
1086 1904 1440 1977 radicalem
1496 1931 1627 1977 non
1682 1906 1986 1978 vidimus.
2073 1903 2355 1978 Thallus
2403 1907 2653 1978 coloris
2685 1905 3475 2005 badio-purpurascentis
3505 1933 3724 2006 usque

460 2021 719 2119 pedalis
768 2035 835 2095 et
883 2022 1106 2094 forsan
1160 2024 1360 2108 ultra,
1414 2024 1557 2095 basi
1612 2026 1914 2097 crassitie
1967 2051 2230 2123 pennae
2284 2026 2633 2110 corvinae,
2686 2051 2949 2097 sursum
3003 2011 3723 2123 attenuatus,'ubique

454 2152 666 2224 teres,
743 2139 1157 2213 subdistiche
1223 2140 2251 2238 decomposito-ramosissimus.
2359 2139 2560 2212 Rami
2615 2142 2766 2240 plus
2820 2145 3035 2215 minus
3089 2146 3567 2243 approximati,
3620 2147 3723 2215 in-

456 2255 642 2329 ferne
709 2257 870 2329 nudi
922 2258 963 2329 l.
1015 2260 1329 2331 ramentis
1410 2258 1824 2331 lilil'ormibus
1891 2260 2308 2357 simplicibus
2358 2259 2397 2330 1.
2450 2259 2721 2330 surcatis
2780 2259 3084 2345 obsessi,
3159 2285 3454 2358 superne
3508 2259 3722 2334 dense

452 2376 731 2460 ramosi,
780 2376 980 2447 ramis
1031 2377 1621 2477 subcorymbosis;
1671 2376 1902 2447 ramuli
1950 2377 2352 2475 plerumque
2408 2377 2554 2448 basi
2613 2373 2960 2448 evidenter
3009 2379 3342 2449 attenuati.

762 2513 937 2588 Cum
986 2542 1211 2615 neque
1264 2519 1709 2616 sporocarpia
1761 2544 1982 2617 neque
2034 2518 2580 2617 sphaerosporas
2636 2516 3020 2604 viderimus,
3074 2545 3156 2590 an
3210 2518 3297 2590 ad
3346 2518 3479 2592 hoc
3502 2546 3722 2618 genus

453 2661 613 2707 vere.
691 2638 1055 2732 pertineat,
1127 2636 1357 2707 incerti
1446 2661 1698 2708 sumus.
1805 2634 2040 2708 Solam
2095 2649 2382 2735 propter
2432 2648 2831 2709 structuram
2883 2634 3017 2708 buc
3069 2637 3432 2709 retulimus.
3539 2635 3720 2708 Axin

452 2752 631 2824 thalli
686 2753 1018 2849 percurrit
1089 2777 1335 2850 nempe
1409 2754 1695 2851 simplex
1778 2754 2162 2827 cellularum
2241 2758 2567 2850 majorum
2624 2754 2867 2838 series»,
2926 2756 3119 2850 cujus
3174 2754 3453 2827 cellulae
3506 2755 3717 2854 cylin-

454 2871 739 2943 draceae
792 2868 1326 2954 sunt,diametro
1381 2870 1580 2969 '2-plo
1636 2873 1672 2942 l.
1731 2872 1931 2969 3-plo
1983 2871 2358 2968 longiores,
2413 2872 2696 2943 utriculo
2743 2871 3150 2969 primordiali
3201 2872 3264 2943 in
3311 2896 3715 2969 unaquaque

457 2989 690 3062 cellula
772 3000 1118 3060 contracto
1198 2989 1618 3076 flavescenti,
1689 3000 1760 3059 ut
1829 2991 1894 3059 in
1971 2987 2425 3084 Axosipbone
2484 2989 2636 3083 (csr.
2684 2989 2900 3084 infra).
3006 2986 3307 3060 Stratum
3353 2990 3717 3072 internum,

455 3109 698 3179 seriem
755 3105 927 3177 illam
999 3106 1380 3178 cellularum
1457 3105 2002 3203 longitudinalem
2089 3106 2422 3189 ambiens,
2478 3131 2517 3178 e
2574 3106 2697 3180 filis
2752 3132 2904 3178 cum
2960 3104 3520 3202 longitudinaliter
3574 3121 3712 3178 tum

454 3222 950 3296 horizontaliter
1029 3223 1239 3297 dense
1316 3225 1686 3297 intertextis
1739 3223 2226 3320 compositum3
2307 3234 2586 3294 stratum
2640 3221 3104 3296 intermedium
3153 3235 3372 3309 tenue,
3415 3227 3481 3294 in
3534 3222 3713 3295 thalli

453 3340 833 3439 peripheria
881 3339 1136 3413 cellulis
1183 3341 1853 3440 oblongo-ellipticiS,
1882 3339 2158 3438 granula
2211 3339 2422 3412 densa
2479 3339 2975 3413 includentibus
3001 3339 3388 3424 formatum3
3436 3351 3713 3413 stratum

454 3459 770 3533 corticale
827 3485 863 3532 e
921 3458 1177 3530 cellulis
1226 3460 1492 3531 minutis
1542 3458 1946 3533 verticaliter
1999 3456 2665 3531 submoniliformiter
2709 3457 3120 3530 radiantibus
3170 3456 3573 3529 confectum.

1421 3635 1619 3710 XIV.
1701 3632 2397 3710 AXOSIPHON
2449 3635 2737 3708 Aresch.

759 3778 1055 3854 Thallus
1125 3778 1479 3855 filiformis
1547 3779 2114 3864 ramosissimuS,
2206 3778 2425 3853 ramis
2476 3778 2920 3879 ramulisque
2974 3775 3330 3877 oppositis
3378 3775 3712 3851 ternatim

451 3897 493 3972 l.
552 3897 1026 3999 quaternatim
1071 3896 1533 3984 verticillatiS,
1610 3897 1925 3981 solidus,
1991 3895 2185 3970 serie
2238 3894 2657 3969 cellularum
2715 3898 3074 3993 majorum
3130 3903 3204 3969 et
3256 3892 3713 3993 cylindrace·

453 4040 657 4089 arum
713 4013 1010 4090 centrali
1060 4038 1488 4113 percursus,
1542 4015 1779 4090 stratis
1826 4012 2121 4088 duobus
2170 4011 2595 4086 cellularum
2646 4011 3020 4086 conflatus.
3130 4011 3446 4085 Stratum
3490 4008 3712 4082 inter-

449 4153 621 4206 num
676 4132 813 4206 filis
869 4132 1288 4207 cellularum
1367 4131 1709 4206 tenuibus
1764 4155 1981 4205 muco
2036 4130 2206 4204 laxe
2260 4127 2597 4203 cohibitis
2651 4126 3110 4203 verticalibus
3165 4129 3208 4203 l.
3265 4127 3359 4202 ad
3410 4135 3709 4200 stratum

450 4248 794 4325 corticale
847 4248 1148 4350 oblique
1201 4248 1667 4324 tendentibus
1721 4248 2137 4333 formatum3
2198 4256 2494 4321 stratum
2552 4243 2893 4318 corticale
2940 4244 3215 4319 cellulis
3285 4243 3708 4318 rotundato-

449 4364 799 4466 angulatis
850 4365 1088 4464 parvis
1141 4375 1657 4440 constructum.
1767 4364 2259 4465 Sporocarpia
2289 4421 2304 4438 .
2339 4366 2407 4438 .?
2469 4359 3072 4461 Sphaerosporae
3103 4417 3119 4435 .
3149 4363 3218 4434 ,Ρ

754 4505 1106 4579 Structura
1156 4508 1662 4604 quodammodo
1721 4510 1807 4582 ad
1857 4508 2445 4604 Phacelocarpum
2504 4503 2861 4577 accedens.
2942 4500 3122 4574 Axin
3159 4498 3337 4573 thalli
3377 4501 3706 4596 percurrit

448 4625 732 4724 simplex
809 4627 1193 4699 cellularum
1272 4631 1595 4721 majorum
1652 4640 1719 4699 et
1773 4626 2345 4727 cylindracearum
2401 4625 2646 4704 series;
2728 4622 2972 4719 quibus
3024 4621 3087 4691 in
3140 4618 3394 4692 cellulis
3449 4618 3708 4689 utriculi

451 4743 913 4841 primordiales
965 4746 1049 4814 ita
1103 4758 1258 4816 sunt
1310 4747 1665 4829 contracti,
1715 4744 2242 4816 extremitatibus
2294 4755 2542 4814 tantum
2600 4740 2914 4825 dilatatis,
2965 4748 3038 4810 ut
3088 4736 3280 4829 filum-
3321 4737 3707 4808 continuum

448 4860 1164 4933 nodoso-articulatum
1244 4862 1659 4947 l'ulvesceus,
1732 4862 1905 4933 illam
1984 4861 2368 4935 cellularum
2454 4861 2698 4932 seriem
2781 4882 3184 4956 percurrens
3240 4866 3306 4926 et
3360 4880 3557 4951 quam
3627 4879 3707 4924 ea

450 4982 660 5077 magis
730 4981 1188 5077 perspicuum,
1238 4979 1528 5052 formare
1598 4978 1962 5051 videantur.
2092 4978 2238 5051 Fila
2319 4980 2503 5050 strati
2580 4973 2952 5048 intermedii
3007 4976 3077 5069 (i.
3132 5000 3191 5047 e.
3242 4975 3412 5044 inter
3464 4974 3705 5043 seriem

448 5096 621 5167 illam
675 5108 746 5168 et
795 5109 1069 5169 stratum
1141 5097 1458 5169 corticale
1513 5099 1648 5190 siti)
1725 5098 1977 5182 tenuia,
2029 5096 2489 5197 cylindracea,
2538 5092 2793 5166 cellulis
2848 5091 3173 5165 diametro
3224 5090 3509 5187 4-6-p10
3560 5089 3707 5160 lon-

451 5216 787 5311 gioribus,
840 5216 1122 5286 maxima
1177 5240 1301 5312 pro
1352 5227 1541 5313 parte
1596 5214 1965 5298 verticalia,
2015 5240 2223 5313 parce
2276 5239 2577 5301 ramosa,
2632 5212 2874 5283 seriem
2904 5209 3080 5281 illam
3113 5208 3496 5281 cellularum
3543 5234 3702 5279 cen·

452 5331 679 5405 tralem
757 5331 970 5407 dense
1032 5343 1100 5404 et
1150 5333 1338 5430 quasi
1413 5330 1790 5404 volubiliter
1843 5333 2257 5404 investientia
2308 5331 2429 5418 ita,
2490 5341 2563 5401 ut
2613 5331 2761 5425 ejus
2817 5327 3097 5401 cellulae
3152 5328 3261 5399 vix
3311 5327 3434 5397 nisi
3489 5324 3702 5396 cultro
