4984 6517
1355 594 1529 680 238

2757 856 2806 929 4
2900 855 2999 926 1.

1561 1009 1803 1082 Cusus
1842 1007 2029 1105 ,7212-
2069 1016 2318 1092 &4³5³
2368 1006 2443 1069 in
2496 993 2781 1091 Djundi
2834 854 3068 1067 §agur
3118 982 3441 1061 eodem
3499 1006 3735 1058 anno
3780 982 3901 1056 91.

1556 1166 1769 1243 Haec
1821 1157 2000 1235 urbs
2052 1154 2560 1231 Khuzistanae
2609 1174 2760 1226 non
2822 1144 3226 1224 admodum
3306 1166 3593 1245 magna.
3681 1166 3873 1243 quae
3925 1139 4141 1215 unius
4203 1139 4349 1216 diei
4386 1141 4510 1217 iter

1258 1316 1302 1365 a
1355 1289 1626 1362 Tuster
1676 1275 2004 1362 distabat,
2057 1271 2288 1348 hortis
2339 1280 2559 1370 atque
2611 1264 2974 1342 arboretis
3002 1285 3280 1336 cannae
3333 1256 3864 1333 sacchariferae
3917 1254 4512 1358 dactylorumque

1260 1406 1393 1481 fuit
1444 1394 1908 1480 circumdata,
1963 1401 2042 1467 ut
2089 1388 2317 1465 refert
2355 1384 2602 1462 Edrisi
2647 1383 2739 1459 l.l.
2795 1406 2958 1484 pag.
3011 1380 3182 1454 383.
3289 1373 3627 1452 Eundem
3691 1374 4094 1460 die-hemum,
4150 1396 4293 1447 una
4352 1398 4507 1448 cum

1266 1519 1562 1597 duobus
1612 1513 1786 1599 aliis
1834 1535 1899 1585 a.
1954 1510 2053 1583 80
2108 1514 2183 1582 et
2226 1505 2326 1579 96
2389 1500 2774 1587 fabricatis,
2832 1494 3241 1575 Fraehnius
3294 1493 3416 1569 ille
3464 1491 3540 1566 in
3586 1490 3778 1567 libro
3821 1493 3975 1589 jam
4028 1490 4321 1591 saepius
4369 1490 4513 1566 lau-

1269 1639 1440 1714 dato
1494 1626 1947 1707 memoravit.
2050 1624 2131 1697 In
2186 1619 2453 1696 Suecia
2504 1615 2691 1693 haec
2759 1614 2939 1691 urbs
3000 1637 3195 1687 nunc
3250 1610 3565 1712 primum
3638 1608 3830 1686 inter
3902 1608 4113 1684 locos
4194 1606 4515 1683 Arabum

1266 1748 1673 1830 monetales
1724 1768 1893 1821 sese
1945 1740 2182 1815 offert.

1583 2081 1822 2154 Cusus
1903 2089 2154 2170 W,
2228 2080 2426 2166 Una-⁶>
2496 2085 2622 2141 ⁶122..
2684 2074 2742 2159 ὃ
2788 2074 3021 2165 Q
3100 2064 3459 2137 Destuvae
3531 2089 3715 2134 anno
3793 2071 4231 2157 nonagesimo
4307 2077 4524 2163 quinto

1274 2206 1393 2303 (=
1447 2199 1616 2284 713,
1679 2199 1826 2294 14).
2025 2211 2034 2220 ’

1584 2343 1709 2417 Ex
1756 2337 1904 2414 hoc
1942 2335 2115 2411 loco
2161 2334 2318 2430 ,iam
2372 2327 2566 2403 duos
2616 2348 2884 2401 numos
2931 2323 3264 2426 possidet
3314 2323 3573 2400 unicos
3618 2348 3953 2400 museum
4006 2326 4312 2430 regium,
4367 2332 4529 2408 alte-

1289 2489 1452 2541 rum
1506 2459 1723 2544 hunc,
1773 2455 2076 2530 alterum
2130 2472 2326 2523 anno
2379 2452 2739 2547 sequente
2789 2464 3172 2516 excusum.
3277 2441 3607 2517 Tertium
3657 2466 3898 2542 aeque
3934 2467 4177 2519 rarum
4230 2448 4403 2523 anni
4447 2451 4536 2525 93

1285 2576 1894 2658 charkoviensem
1944 2563 2356 2643 Fraehnius
2407 2561 2503 2637 1..1
2540 2583 2704 2662 pag.
2753 2557 2903 2634 287
2950 2556 3264 2658 protulit.
3369 2557 3492 2633 De
3545 2556 3731 2634 urbe
3763 2561 4118 2635 Desmvae
4167 2561 4343 2639 nihil
4395 2564 4539 2643 fere

1286 2693 1616 2779 innotuit,
1669 2687 1808 2764 nisi
1859 2682 2065 2787 quod
2113 2682 2189 2755 in
2214 2678 2522 2782 regione
2575 2675 3076 2752 Khuzistanae
3120 2673 3436 2771 jacebat.
3542 2675 3628 2750 In
3675 2676 4021 2752 versione
4059 2677 4331 2756 Edrisii
4381 2683 4542 2759 Jau-

1289 2812 1638 2896 bertiana‚
1693 2807 1780 2880 T.
1832 2802 1878 2878 l.
1925 2823 2089 2902 pag.
2143 2797 2292 2871 364
2323 2804 2397 2870 et
2422 2793 2593 2882 389,
2649 2817 2741 2867 ea
2763 2791 2980 2867 etiam
3022 2814 3220 2865 nunc
3276 2797 3391 2888 ξφ)
3444 2815 3501 2865 s.
3550 2796 3670 2891 [re-'²
3721 2795 3973 2880 Deera,
4025 2797 4307 2894 Dhejra
4364 2802 4544 2878 male

1292 2927 1510 3012 audit,
1564 2925 1641 2999 in
1695 2944 1843 3023 quo
1894 2914 2194 2991 nomine
2250 2910 2520 2987 misere
2574 2909 2882 2984 distorto
2932 2905 3339 2983 Fraehnius
3367 2904 3581 2982 felice
3635 2933 3781 3009 qua
3831 2917 3988 2985 erat
4039 2914 4395 2992 acuminis
4440 2945 4546 2995 sa-

1295 3045 1602 3149 gacitate
1624 3040 2028 3116 Destuvam
2059 3029 2374 3134 agnovit.
2481 3029 2568 3103 In
2617 3029 2882 3102 Lexico
2924 3024 3395 3126 geographico
3441 3048 3679 3124 nuper
3723 3025 3959 3114 citato,
4014 3029 4100 3102 T.
4138 3030 4190 3104 Ι.
4247 3057 4413 3136 pag
4469 3046 4552 3109 ft·

1296 3162 1574 3246 dicitur,
1636 3157 1825 3232 hanc
1874 3148 2136 3225 urbem
2196 3145 2289 3221 ab
2342 3144 2499 3220 aliis
2536 3142 2840 3232 Persidi,
2893 3140 2987 3218 ab
3045 3140 3201 3217 aliis
3246 3141 3351 3216 el-
3355 3138 3705 3219 Ahvazae
3752 3141 4235 3222 adnumerari

2303 3597 2582 3674 Onan
2630 3595 3550 3672 nnn-Ann·m.-Azrz.

1612 3790 1680 3862 6.
1789 3785 1906 3878 (In
1961 3777 2395 3856 collectione
2441 3777 2564 3855 D:i
2610 3780 3066 3854 Petterssonii
3106 3777 3451 3854 Holmiae
3500 3784 3789 3879 exstat).

1611 3968 1851 4041 Cusus
1902 3977 2016 4047 23ae
2065 3975 2191 4029 'am
2245 3968 2533 4046 υἰωὼ
2584 3959 2933 4032 Damasci
2981 3986 3164 4030 anno
3214 3969 3571 4033 centesimo
3621 3960 3739 4058 (-—-
3791 3958 3959 4045 708,
4014 3960 4115 4059 9).

1620 4106 1832 4181 Idem
1887 4111 1998 4177 est
2048 4123 2135 4175 ac
2185 4095 2271 4173 N.
2331 4098 2430 4175 47
2505 4098 2581 4173 in
2634 4099 3050 4175 Recensione
3098 4100 3485 4177 Fnanmm
3542 4127 3706 4205 pag.
3767 4106 3881 4178 11.
3982 4104 4068 4179 In
4117 4111 4313 4178 tanta
4346 4106 4575 4179 dit-he-

1315 4255 1582 4302 mor-um
1645 4223 2275 4303 damascenorum,
2340 4214 2814 4319 regnantibus
2886 4215 3285 4315 Umajjadis
3337 4240 3706 4304 cusorum,
3764 4218 3997 4320 copia,
4052 4244 4242 4319 quae
4290 4219 4367 4294 in
4425 4220 4577 4295 aliis

1316 4353 1699 4423 servantur
1756 4333 2336 4420 collectionibus
2394 4332 2702 4433 penuria
2746 4357 3009 4407 eorum
3070 4332 3266 4434 apud
3317 4359 3458 4410 nos
3505 4359 3684 4408 sane
3741 4336 3925 4411 mira
3973 4335 4366 4423 videretur,
4448 4337 4581 4411 nisi

1318 4467 1705 4541 constaret,
1771 4453 1995 4528 urbes
2067 4449 2331 4550 Syriae
2383 4448 2789 4524 monetales
2845 4449 2918 4524 in
2962 4448 3317 4525 thesauris
3370 4475 3416 4525 e
3464 4460 3656 4525 terra
3740 4451 4051 4527 Sueciae
4100 4451 4324 4526 erutis
4372 4454 4586 4527 raris-

1319 4578 1541 4651 simas
1585 4595 1964 4672 apparere.
2071 4567 2154 4641 Id
2209 4565 2413 4668 quod
2464 4563 2801 4639 facillime
2855 4565 3206 4665 explicari
3254 4565 3428 4641 mihi
3478 4567 3784 4656 videtur,
3839 4568 3901 4643 si
3967 4577 4342 4644 autumare
4400 4569 4585 4654 licet,

1322 4693 1653 4767 dir-homos
1730 4685 2125 4760 maximam
2200 4691 2480 4782 partem
2552 4704 2652 4755 ex
2730 4681 2881 4755 oris
2941 4682 3158 4756 maris
3229 4682 3513 4783 Caspici
3584 4684 3678 4759 ad
3730 4709 3869 4759 nos
3935 4684 4285 4759 advectos
4342 4684 4590 4773 fuisse,

1326 4808 1525 4884 unde
1581 4804 1847 4879 factum
1895 4809 2028 4886 est,
2082 4808 2163 4874 ut
2212 4797 2527 4899 pecunia
2578 4823 2623 4872 e
2669 4799 2880 4872 terris
2930 4799 3196 4874 dissitis
3246 4824 3419 4873 raro
3466 4799 3554 4874 iis
3613 4801 3689 4875 in
3754 4801 4011 4877 itinere
4062 4800 4595 4878 admisceretur

1326 4937 1398 5002 et
1451 4922 1683 4998 rarius
1736 4919 1950 4994 etiam
2003 4939 2238 5016 usque
2291 4914 2386 4989 ad
2439 4939 2644 4989 mare
2697 4912 3039 4989 balticum
3092 4915 3525 5014 perveniret.
