4984 6517
1446 1891 1555 1964 ¹4.

1432 4211 1545 4284 15.

1646 837 1752 899 sa.
1836 811 2008 947 dein
2077 811 2800 902 labium-dehiscens,
2879 814 3324 921 demumque
3398 815 3764 894 crudatim
3839 817 4035 908 fissa,
4114 822 4307 899 disco
4370 826 4593 909 intense

1559 997 1570 1008 ,
1651 956 2030 1008 coccmeo.

1748 1075 1878 1152 Ad
1927 1084 2197 1152 terram
2244 1074 2322 1151 in
2370 1073 2743 1156 montibus
2790 1077 3272 1161 Gousundae.
3324 1082 3615 1156 aestatis
3670 1082 3837 1158 fine.
3903 1084 4028 1158 Th.
4076 1084 4292 1160 Faeae'oe.

1750 1233 1996 1308 Multis
2049 1235 2414 1309 rationibus
2467 1236 2775 1334 insignis,
2828 1235 3038 1311 dense
3090 1239 3429 1338 gregaria,
3481 1242 3516 1338 {-
3566 1267 3716 1313 unc.
3769 1240 3927 1330 alta,
3975 1244 4192 1340 junior
4230 1254 4393 1315 arcte
4424 1245 4594 1319 clausa

1644 1366 1712 1428 et
1765 1356 1987 1427 carina
2036 1379 2237 1429 secus
2285 1365 2491 1428 totam
2546 1353 2952 1430 latitudinem
3004 1359 3426 1456 prominente
3464 1360 3760 1457 insignis.
3893 1357 4115 1434 Secus
4164 1359 4326 1433 hanc
4368 1365 4595 1436 carinam

1640 1484 1780 1545 tota
1844 1473 2403 1572 longitudinaliter
2471 1475 2661 1560 fissa,
2743 1473 2868 1547 sed
2940 1501 3100 1548 mox
3171 1475 3435 1550 accedit
3506 1482 3668 1550 rima
3737 1479 4224 1565 transversalis,
4279 1479 4431 1553 unde
4480 1508 4596 1554 cru-

1637 1591 1855 1664 ciatim
1891 1591 2193 1668 dehiscit.
2297 1589 2519 1666 Extus
2572 1592 2914 1680 subnuda,
2971 1593 3197 1668 laevis.
3298 1592 3560 1672 Discus
3616 1597 4015 1671 urceolatus.
4122 1594 4324 1671 Color
4365 1601 4594 1673 omnium

1635 1710 1922 1808 partium
1974 1738 2129 1784 cum
2179 1713 2444 1786 Pezisa
2498 1722 2808 1784 coccinea
2859 1715 3189 1788 convenit.

1637 1892 1715 1966 P.
1780 1890 2210 1994 (monor.)
2261 1915 2762 1979 enormiora,
2825 1892 3089 1994 cupula
3141 1892 3909 1970 turbinato-urceolata
3957 1891 4176 1980 laevi,
4233 1892 4477 1970 inferne
4504 1898 4591 1973 ὤ·

1634 2009 1930 2112 piteque
1984 2008 2323 2113 elongato
2375 2010 2723 2087 flexuoso
2780 2012 2919 2088 alte
2983 2010 3306 2088 radicato
3393 2011 3937 2099 albofloccosiS,
4015 2021 4330 2087 ceterum
4373 2012 4589 2117 glabra,

1637 2126 1841 2204 disco
1890 2127 2076 2203 laevi
2131 2129 2504 2204 coccineo.

1735 2275 1862 2353 Ad
1908 2285 2176 2353 terram
2224 2278 2300 2353 in
2350 2277 2653 2380 rupibus
2704 2277 3194 2367 Gottsundae,
3243 2278 3481 2380 primo
3535 2304 3731 2354 vere.
3836 2281 3927 2353 Ε.
3976 2280 4219 2367 Fries,
4270 2278 4360 2355 fil.

1733 2435 1867 2512 Est
1909 2464 1951 2514 e
2010 2437 2510 2537 pulcherrimis,
2558 2438 2990 2538 praecedenti
3047 2441 3404 2526 concolor,
3454 2437 3582 2514 sed
3628 2438 4153 2528 distinctissima,
4216 2465 4256 2515 e
4322 2441 4498 2540 stirpe
4534 2442 4587 2512 P.

1639 2555 1989 2632 tuberosae
2038 2568 2106 2630 et
2155 2556 2367 2630 forma
2417 2557 2500 2628 Ρ.
2556 2553 2906 2653 globosam
2958 2558 3317 2632 aemulans.
3446 2554 3705 2645 Radix,
3761 2561 4068 2658 quamvis
4133 2559 4430 2658 abrupta,
4477 2559 4581 2632 ultra

1632 2677 1896 2749 unciam
1924 2675 2162 2775 longa,
2210 2674 2530 2749 deorsum
2581 2678 2693 2750 vix
2743 2688 3108 2765 attenuata,
3160 2677 3460 2752 crassitie
3511 2678 3783 2778 stipitis,
3835 2676 4170 2763 flexuosa3
4219 2703 4299 2750 an
4329 2703 4365 2750 e
4391 2678 4579 2762 tubere,

1632 2795 1760 2867 alte
1817 2795 1885 2867 in
1936 2805 2180 2868 terram
2229 2794 2580 2881 demerso,
2632 2797 2915 2869 enitatur
2976 2822 3111 2869 non
3180 2796 3403 2896 liquet.
3522 2792 3759 2895 Stipes
3824 2795 4360 2896 sesquiuncialis,
4420 2794 4587 2867 lineam

1631 2913 1771 2987 sere
1821 2938 2111 2999 crassus,
2163 2913 2491 3012 aequalis,
2541 2910 2667 2986 sed
2714 2913 3074 3014 superficie
3131 2913 3596 3013 inaequabilis,
3643 2917 3710 2986 in
3767 2916 3967 2988 siccis
4015 2915 4309 2988 albicans
4355 2923 4417 2986 et
4458 2910 4593 2983 undi-

1635 3057 1768 3132 que
1819 3029 2737 3105 albo-floccoso-corticatus.
2840 3028 3033 3105 Idem
3083 3035 3365 3107 vestitus
3414 3034 3481 3105 in
3528 3032 3814 3133 cupulae
3885 3034 4081 3107 basin
4131 3030 4478 3116 adscendit3
4516 3056 4594 3103 ce-

1628 3163 1843 3225 terum
1896 3150 2140 3251 cupula
2188 3150 2456 3251 glabra,
2519 3153 2586 3224 in
2638 3151 2838 3225 siccis
2892 3150 3067 3226 laete
3123 3151 3335 3252 gilva,
3395 3151 3441 3224 4
3495 3152 3602 3225 lin.
3665 3153 3928 3226 circiter
3976 3157 4113 3225 alta
4166 3163 4233 3226 et
4280 3151 4414 3223 lata.
4493 3145 4589 3221 Di-

1631 3296 1790 3346 scus
1845 3268 2262 3357 urceolatus,
2336 3268 2577 3358 laevis,
2658 3295 2779 3343 ore
2847 3271 3211 3343 constricto
3289 3271 3645 3344 orbiculari
3717 3273 4002 3371 integro.
4136 3268 4423 3370 Ambigit
4472 3270 4595 3340 inter

1630 3387 2087 3490 Macropodes
2135 3399 2204 3464 et
2255 3385 2340 3460 P.
2394 3396 2809 3473 coccineam,
2861 3386 2987 3462 sed
3035 3390 3375 3488 vegetatio
3424 3401 3493 3462 et
3540 3416 3790 3489 sperae
3835 3392 4162 3490 priorum.

1730 3550 1916 3627 Mira
1964 3554 2166 3652 copia
2216 3548 2615 3628 Pezizarum
2665 3553 3258 3641 nobilissimarum,
3327 3559 3734 3630 terrestrium
3753 3613 3771 3644 ,
3832 3581 3920 3630 ex
3978 3580 4226 3655 magna
4279 3563 4449 3653 parte
4487 3573 4599 3621 ver·

1629 3672 1894 3759 nalium,
1941 3672 2008 3743 in
2060 3671 2340 3770 regione
2399 3667 2790 3771 Upsaliensi
2871 3673 3186 3758 luxuriat,
3246 3672 3481 3771 quales
3529 3676 3597 3747 in
3644 3675 4033 3773 provincias
4119 3673 4356 3746 nostris
4415 3669 4598 3741 macris

1626 3816 1690 3862 v.
1744 3814 1803 3862 c.
1855 3786 2247 3864 Smolandia
2298 3788 2727 3876 occidentali,
2781 3792 3087 3890 exceptis
3142 3791 3231 3863 Ρ.
3287 3791 3587 3886 nigrella
3638 3802 3707 3865 et
3751 3793 3842 3865 Ρ.
3896 3792 4243 3877 melaena,
4292 3814 4480 3894 paene
4508 3784 4598 3858 de·

1628 3905 2019 3980 siderentur.
2120 3903 2320 3981 Loco
2376 3934 2582 4007 supra
2632 3907 2924 3982 indicato
2979 3911 3174 3983 etiam
3226 3911 3520 3984 nascitur
3545 3912 3813 4010 species
3860 3912 3948 3984 P.
3994 3910 4435 3984 nulastomaci
4474 3928 4599 4004 pro-

1627 4027 1836 4113 xima,
1886 4029 1999 4099 vix
2049 4024 2315 4100 diversa
2363 4028 2488 4100 nisi
2539 4025 2811 4101 defectu
2861 4025 3225 4102 indumenti
3279 4027 3668 4128 rubiginosi.

1625 4212 1906 4287 szA
1950 4210 2442 4312 (CUPULARIS)
2487 4233 2831 4288 struma
2847 4270 2867 4299 ,
2919 4209 3330 4314 hypogaea,
3382 4212 3712 4316 globosa,
3775 4210 3899 4287 diu
3951 4211 4217 4301 clausa,
4300 4210 4452 4286 dein
4496 4229 4597 4281 ore

1635 4327 2027 4406 constricto
2061 4327 2465 4418 dehiscens
2522 4329 2965 4432 demumque
3021 4330 3094 4406 in
3143 4331 3436 4407 lacinias
3477 4330 3725 4432 plures
3762 4330 4187 4435 inaequales
4214 4330 4391 4418 fissa,
4435 4326 4597 4401 disco

1482 4551 1486 4556 ἢ
1628 4447 2000 4525 urceolato
2051 4471 2096 4522 e
2144 4445 2480 4523 brunneo
2526 4447 2770 4533 livido,
2820 4449 3060 4550 sporis
3102 4449 3546 4526 laevissimiS.

1737 4594 1820 4667 In
1877 4616 2099 4667 arena
2151 4589 2318 4666 amb
2326 4590 2736 4666 ulacrorum
2778 4590 2994 4666 Horti
3042 4588 3482 4692 Upsaliensis
3527 4597 3697 4690 post
3720 4587 3958 4692 largas
3980 4587 4259 4689 pluvias
4283 4592 4599 4661 autumna-

1623 4711 1752 4797 les,
1803 4709 2326 4810 copiosissime.

1716 4849 2014 4950 Species
2057 4876 2488 4951 summopere
2538 4853 2848 4950 insignis,
2911 4850 3215 4951 primitus
3278 4861 3417 4922 tota
3480 4861 3698 4923 terrae
3765 4850 4110 4934 immersa,
4177 4839 4599 4922 tuberiformis‚

1620 4971 1942 5068 globosa,
1994 4996 2192 5058 cava,
2241 4970 2551 5056 uncialis,
2616 4969 2814 5043 valde
2865 4969 3172 5069 gregaria
3224 4979 3294 5041 et
3342 4968 3675 5043 interdum
3748 4967 3989 5067 plagas
4052 4967 4219 5039 latas
4276 4962 4600 5040 confluens

1621 5087 1774 5161 dein
1822 5115 2212 5190 emergens,
2261 5091 2328 5160 in
2379 5089 2591 5187 ipsius
2647 5099 2864 5162 terrae
2916 5087 3271 5187 superficie
3331 5113 3452 5161 ore
3503 5087 3867 5160 constricto
3926 5098 4192 5186 aperta,
4243 5082 4599 5175 demumque

1620 5208 2052 5282 semiemersa
2103 5221 2174 5283 et
2222 5206 2662 5281 lacero-fissa.
2786 5204 3007 5280 Extus
3058 5232 3211 5278 cum
3260 5219 3476 5281 terrae
3529 5204 3729 5304 gleba
3778 5203 3953 5279 adeo
4011 5214 4321 5290 connata,
4380 5209 4448 5271 ut
4498 5219 4599 5296 pa·

1619 5326 1774 5423 gina
1823 5328 2115 5402 exterior
2159 5323 2448 5400 discerni
2496 5337 2819 5424 nequeat;
2867 5326 3238 5400 substantia
3302 5349 3909 5400 carnoso-ceracea
3923 5380 3943 5410 ,
3997 5322 4245 5422 fragilis
4260 5378 4280 5410 ,
4333 5321 4490 5392 intus
4534 5312 4598 5384 li·
