4984 6517
1365 539 1542 626 ²88

1564 749 1632 825 b.
1693 757 1981 825 textura
2007 747 2435 850 imperfecte
2463 745 2837 824 schistosa.
2914 751 3300 823 Gneissum.

1454 866 1837 965 Frequens
1885 866 1959 941 in
2020 866 2393 942 altioribus
2446 865 2804 940 montium
2850 865 3050 968 jugis
3100 872 3176 939 et
3225 862 3465 938 dorsis
3519 863 3832 938 Sueciae
3887 863 4174 939 mediae
4234 889 4357 938 ex.
4413 888 4514 964 gr.

1253 984 1328 1060 in
1357 981 1701 1084 Norberg
1734 982 2038 1086 aliisque
2063 983 2248 1060 locis
2282 982 2859 1070 Westmanniae‚
2915 982 3238 1083 itemque
3263 981 3339 1055 in
3394 981 3768 1056 montibus
3821 982 4138 1056 Romme
4188 980 4514 1055 Scaniae.

1455 1119 1526 1192 2.
1585 1120 1920 1194 Granius
1974 1129 2503 1219 antiquissimus
2550 1129 2849 1214 griseus.
2959 1114 3348 1192 Orthoclas
3430 1114 3957 1217 griseo-album
4046 1139 4211 1189 cum
4270 1112 4521 1216 Oligo—

1258 1238 1452 1310 clase
1490 1233 1692 1324 albo,
1744 1235 1989 1339 granis
2041 1235 2307 1329 Quarsi
2355 1234 2627 1334 sparsis
2678 1242 2753 1309 et
2799 1232 2988 1309 Mica
3040 1230 3475 1337 magnesica.

1567 1400 1631 1450 a.
1679 1379 1969 1445 textura
2024 1394 2360 1473 granosa.
2475 1370 2830 1445 Granites.

1564 1507 1642 1587 b.
1692 1514 1982 1581 textura
2032 1501 2458 1603 imperfecte
2510 1500 2884 1578 schistosa.
3000 1506 3383 1579 Gneissum.

1464 1640 1870 1743 Depositus
1948 1646 2115 1737 post
2191 1637 2784 1723 antecedenten13
2874 1638 3284 1713 communis
3348 1637 3424 1712 in
3503 1633 3689 1712 valle
3767 1634 3968 1711 lacus
4039 1634 4378 1721 Maeleri‚
4454 1635 4523 1708 in

1263 1761 1527 1837 Jemtia
1575 1770 1647 1833 et
1696 1757 1771 1831 in
1824 1753 2218 1856 Helsingia.

1466 1895 1535 1968 3.
1598 1894 1932 1966 Granico-s
1962 1890 2286 1986 ferreus.
2393 1886 2784 1966 Orthoclas
2833 1889 3139 1965 rubrum
3197 1897 3272 1965 et
3328 1888 3574 1965 album
3654 1913 3821 1962 cum
3874 1885 4315 1990 Oligoclase,
4361 1912 4524 1988 gra-

1153 2039 1164 2049 ·
1266 2012 1380 2087 nis
1435 2007 1737 2102 Quarzi,
1787 2005 1980 2081 Mica
2032 2005 2449 2105 magnesica
2502 2015 2574 2080 et
2624 2008 2865 2108 parvis
2915 2007 3160 2110 granis
3202 2007 3525 2081 minerae
3565 2004 3737 2079 ferri
3767 2015 3890 2080 aut
3921 2005 4218 2081 Granati
4248 2004 4525 2079 innatiS.

1575 2151 1635 2200 a.
1700 2128 2033 2201 Granites
2081 2124 2388 2221 ferreus
2465 2123 2690 2198 ruber.
2799 2125 3138 2201 Continet
3189 2122 3710 2226 Feldspathum
3763 2122 4091 2197 rubrum.
4201 2125 4529 2197 Textura

1401 2268 1604 2319 11088.

1271 2270 1399 2348 gm
1569 2361 1637 2434 b.
1704 2362 2071 2434 Gneissum
2100 2360 2437 2457 ferreum
2491 2356 2802 2432 rubrum.
2908 2358 3236 2434 Continet
3277 2359 3338 2433 F
3342 2358 3798 2461 eldspathum
3850 2357 4172 2435 rubrum.
4248 2360 4527 2433 Textu-

1277 2505 1357 2556 ra
1409 2477 2036 2652 schiztosg-mnim
2059 2579 2365 2676 ferreus
2408 2588 2709 2673 griseus.
2816 2576 3155 2652 Continet
3209 2575 3729 2677 Feldspathum
3791 2578 4134 2679 griseum·
4246 2582 4533 2655 'rexm-

1276 2705 1358 2755 ra
1411 2703 1748 2782 granosa.

1496 2894 1563 2971 h
1547 2794 1650 2970 q.
1708 2797 2073 2871 Gneissum
2095 2796 2434 2892 ferreum
2456 2804 2790 2890 griseum.
2895 2793 3233 2869 Continet
3259 2792 3775 2895 Feldspathum
3804 2797 4149 2900 griseum.
4259 2799 4535 2874 Textu-

1281 2923 1357 2973 ra
1410 2922 1492 2972 sc
1543 2920 1605 2970 is
1636 2921 1786 2970 osa.

1583 3036 1648 3086 e.
1714 3015 2078 3088 Gneissum
2118 3014 2454 3110 ferreum
2516 3023 2976 3107 uariegatam.
3082 3010 3421 3085 Continet
3491 3012 3552 3086 F
3556 3011 4008 3113 eldspathum
4084 3016 4391 3092 rubrum
4469 3029 4538 3092 et

1277 3113 1614 3214 griseum.

1577 3230 1621 3305 s.
1689 3235 2056 3308 Gneissum
2126 3231 2689 3328 granatfferum.
2810 3230 3203 3305 Gneissum
3296 3253 3462 3303 cum
3539 3233 3855 3333 granatis
3939 3234 4344 3311 minoribus
4420 3250 4539 3311 aut

1281 3348 1704 3447 majoribus.

1578 3489 1648 3567 g.
1715 3468 2079 3542 Gneissum
2131 3476 2558 3565 syeniticum.
2659 3462 3231 3564 (Hornblende).
3316 3464 3584 3541 Gneiss
3687 3468 4177 3568 Amphibolus
4202 3481 4312 3545 est
4373 3495 4537 3543 cum

1279 3582 1469 3657 Mica
1520 3584 1982 3659 commixtus,

1490 3702 1823 3775 Granites
1875 3710 1986 3776 est
2036 3700 2176 3774 late
2222 3698 2598 3797 dispersus
2646 3697 2715 3772 in
2772 3696 3012 3784 Dalia,
3064 3698 3138 3773 in
3192 3699 3738 3803 Westrogothia
3790 3701 4051 3778 limites
4103 3704 4530 3779 Hallandiae

1279 3840 1568 3903 versuS,
1615 3816 1690 3890 in
1740 3814 2223 3916 Medelpadia.
2339 3818 2704 3890 Gneissum
2750 3824 3061 3915 occupat
3110 3816 3316 3893 litora
3373 3820 3713 3894 Suecana
3742 3844 3782 3892 a
3834 3822 4086 3894 Torne
4143 3846 4379 3922 usque
4435 3823 4528 3895 ad

1277 3931 1806 4030 praefecturam
1862 3934 2461 4018 Calmariensem‚
2531 3932 2851 4032 itemque
2917 3932 3010 4007 ad
3078 3935 3460 4038 Kattegatt.
3564 3939 3647 4011 ln
3716 3937 4016 4036 Europa
4084 3938 4538 4013 meridionali

1141 4129 1146 4138 ,
1281 4048 1643 4124 constituit
1693 4052 2237 4152 antiquissimos
2293 4059 2581 4123 montes
2637 4059 2873 4123 notos.

1477 4165 1886 4242 Varietates
1932 4168 2460 4270 praecedentes
2496 4165 2858 4266 pertinent
2883 4164 2977 4239 ad
3016 4166 3581 4270 antiquissimam
3624 4168 3969 4245 Granitae
4010 4169 4538 4247 formationem.

1479 4305 1548 4376 4.
1613 4304 1948 4378 Granices
2000 4303 2345 4378 albicio-us.
2453 4299 2743 4375 Albites
2784 4324 2953 4373 cum
2996 4303 3293 4392 Quarzo
3330 4312 3405 4379 et
3436 4302 3626 4379 Mica
3663 4303 3912 4380 kalica.
4021 4307 4352 4381 Textura
4383 4331 4541 4407 gra-

1279 4418 1941 4521 noso-crystallina.

1584 4577 1645 4627 a.
1697 4555 1897 4629 albus
1944 4578 2044 4629 ex
2096 4552 2345 4628 Albite
2402 4549 2610 4639 albo,
2661 4549 3027 4627 interdum
3074 4551 3290 4629 etiam
3344 4579 3512 4629 cum
3568 4551 4020 4630 Orthoclase.

1578 4668 1649 4743 b.
1704 4671 1913 4745 ruber
1958 4694 2058 4744 ex
2109 4669 2359 4744 Albite
2417 4667 2668 4742 rubro.

1579 4810 1643 4862 e.
1705 4792 2074 4865 Gneissum
2126 4786 2506 4860 albiticum.
2614 4785 2943 4859 Textura
2990 4785 3366 4860 schistosa.

1471 4901 1666 4976 Intra
1742 4903 2082 4979 Sueciam
2159 4910 2555 4977 occurrunt
2624 4900 3100 4977 formationes
3180 4904 3533 4991 minores;
3594 4906 3668 4980 in
3726 4904 3990 4982 crassis
4042 4929 4179 5006 cry
4156 4905 4404 4982 stallis
4454 4907 4549 4982 ad

1281 5015 1578 5120 Helgbo
1642 5019 1719 5096 in
1781 5019 2125 5121 paroecia
2174 5017 2323 5093 Ahl
2389 5017 2866 5093 Dalecarliae
2973 5020 3055 5093 In
3105 5019 3258 5097 aliis
3300 5022 3726 5124 regionibus
3783 5025 4130 5123 Europae
4186 5024 4549 5098 montanis

1269 5134 1634 5209 interdum
1718 5135 1861 5211 late
1938 5159 2311 5237 expansus
2392 5132 2660 5209 format
2731 5135 3165 5211 Bructerum
3241 5141 3637 5240 (Broc-ken),
3734 5158 4061 5217 montem
4120 5140 4379 5239 Hercy
4386 5141 4567 5214 niae,

1273 5253 1538 5354 (Harz)
1592 5263 1666 5328 et
1714 5253 1964 5353 plures
2017 5253 2310 5329 Scotiae
2369 5262 2676 5326 montes
2783 5251 3140 5351 Ejusdem
3196 5257 3448 5333 aetatis
3502 5280 3589 5331 ac
3643 5255 3972 5332 Schistus
4014 5257 4407 5333 micaceus,
