4984 6517
1368 550 1544 645 102

1582 774 1818 849 Pileus
1885 769 2296 861 dimidiatus,
2373 771 2664 860 sessilis,
2727 771 3333 873 peltam-adnatans,
3415 773 3819 864 renisormis,
3897 775 3947 848 2
4027 796 4184 850 unc.
4249 779 4483 855 circiter

1309 947 1317 958 ·
1465 895 1898 969 transversim
1948 892 2152 979 latus,
2203 892 2457 992 passim
2500 891 2733 991 plures
2784 891 3111 967 imbricati
3131 949 3150 981 ,
3225 892 3430 968 dilute
3508 892 3958 994 ferrugineus,
4030 922 4166 969 non
4213 899 4484 994 priorum

1469 1013 1678 1087 instar
1719 1013 2159 1098 incrassatus,
2212 1008 2338 1084 sed
2385 1012 2605 1085 tenuis
2661 1010 3058 1110 applauatns
3112 1011 3507 1100 subflexilis‚
3584 1015 3931 1111 rigescens
3982 1025 4236 1101 tamen,
4310 1017 4490 1090 sulcis

1469 1133 1916 1205 concentricis
1995 1129 2474 1204 concoloribus
2561 1143 2870 1203 exaratus
2945 1135 3105 1228 (nec
3187 1157 3222 1203 a
3295 1130 3445 1204 basi
3528 1131 4183 1232 radiato-rugosus),
4262 1133 4492 1231 glaber.

1473 1247 1728 1349 Margo
1780 1260 2049 1337 acutus,
2098 1249 2351 1348 passim
2402 1248 2690 1337 incisus,
2742 1248 3086 1323 concolor.
3205 1246 3583 1322 Contextus
3631 1248 4005 1338 floccosus,
4057 1249 4260 1323 dilute
4306 1250 4495 1325 serru-

1468 1371 1728 1468 gineus.
1830 1364 1999 1439 Pori
2050 1367 2285 1456 medii,
2335 1367 2713 1466 regulares,
2769 1367 3202 1466 4-6-g0ni,
3257 1366 3733 1456 obtusiusculi,
3784 1366 3988 1443 dilute
4063 1371 4495 1444 cinnamomei.

1479 1530 1574 1543 —
1617 1484 1802 1561 Inter
1850 1486 2097 1585 fungos
2152 1483 2607 1559 Americanos
2660 1489 2913 1574 inveni,
2963 1484 3088 1560 sed
3138 1484 3362 1558 locum
3419 1486 3787 1584 specialem
3841 1487 4100 1587 ignoro.
4202 1486 4497 1562 Proxima

1468 1617 1575 1679 est
1617 1606 1711 1677 H.
1738 1607 2119 1703 fasciatoee
2190 1604 2398 1679 Berk.
2445 1604 2636 1679 Anu.
2682 1605 2874 1679 Hist.
2925 1605 3100 1679 Nat.
3146 1605 3282 1678 IX.
3318 1629 3404 1705 p.
3459 1611 3605 1679 444.
3656 1621 3706 1679 t.
3761 1615 3820 1681 9.
3848 1607 3933 1703 f
3982 1616 4048 1681 2.
4098 1605 4297 1704 hujus
4347 1633 4501 1706 quo-

1474 1751 1607 1824 que
1663 1727 1911 1825 gregiS.

1404 1873 1438 1905 ⁹
1486 1870 1580 1945 H.
1636 1891 2120 1946 munem.
2201 1864 2420 1943 Berk.
2476 1864 2553 1940 in
2604 1866 2798 1941 Ann.
2851 1864 3037 1943 Hist.
3095 1865 3251 1943 Nat.
3302 1867 3395 1941 X.
3450 1893 3519 1968 p.
3576 1866 3673 1945 37
3677 1868 3725 1943 9
3791 1878 3904 1945 est
3970 1868 4193 1973 longe
4243 1872 4510 1947 tenuior

1477 2013 1788 2090 specleS.

1574 2130 1639 2164 ‘²'
1684 2132 1956 2206 alveolis
1991 2131 2425 2232 profundis,
2480 2126 2822 2203 ambr-inis
2836 2189 2853 2213 .
2878 2133 3341 2230 fusconigris
3390 2111 3637 2221 nudis}
3691 2132 3850 2209 acie
3912 2135 4142 2239 vulgo
4196 2133 4514 2210 tenuibus

1479 2256 1861 2472 ὃωξξὲηιω
1905 2365 2105 2467 hujus
2158 2370 2478 2442 sectionis
2507 2372 2682 2444 sistit
2704 2369 3119 2443 nobilissima
3165 2372 3259 2445 H.
3312 2381 3621 2471 speciosa
3673 2370 3794 2446 Fr.
3840 2372 4066 2475 Fung.
4090 2372 4258 2447 Nat.
4287 2401 4353 2474 p.
4392 2375 4520 2450 17.!

1482 2489 1805 2564 Ceterum
1855 2487 1920 2560 h.
1974 2487 2015 2560 l.
2070 2487 2164 2560 H.
2221 2488 2565 2587 decipiens
2649 2485 2861 2563 Berk.
2906 2484 3088 2563 Dec.
3140 2518 3205 2563 n.
3259 2491 3414 2578 44„
3478 2491 3574 2563 H.
3624 2490 4032 2567 ambr-mella
4095 2492 4324 2592 Fung.
4373 2489 4520 2564 Nat.

1479 2609 1519 2682 l.
1576 2636 1669 2699 c.,
1719 2608 1814 2681 H.
1869 2606 2165 2680 discolor
2214 2603 2335 2679 Fr.
2380 2608 2448 2679 in
2499 2605 2721 2681 Plant.
2767 2605 3024 2681 Preiss.
3068 2602 3155 2680 Π.
3213 2635 3260 2707 p
3341 2608 3486 2682 136
3535 2620 3662 2683 etc.

1481 2764 1575 2841 H.
1633 2780 2149 2841 ORBICULATA.
2251 2756 2496 2858 Epicr.
2550 2780 2621 2857 p.
2675 2756 2844 2832 497.

1580 2902 1707 2979 Ad
1757 2911 2058 2977 truncos
2112 2898 2187 2974 in
2239 2897 2532 2973 Guinea
2612 2896 2997 3003 (Afzelius
3047 2906 3131 2970 ic.
3183 2924 3251 2969 n.
3311 2894 3457 3002 9.),
3536 2895 3631 2970 ad
3692 2897 3873 2971 Port
3932 2894 4139 2972 Natal
4211 2896 4522 2998 copiose.

1500 3020 1892 3119 Waltlberg.

1582 3162 2053 3268 Polymorpha
2101 3160 2273 3235 haec
2323 3161 2626 3260 species;
2705 3184 2886 3232 nunc
2936 3158 3120 3258 pileo
3174 3159 3427 3231 vertice
3481 3158 3724 3232 adnato
3776 3160 4074 3260 undique
4123 3186 4423 3261 expansa
4472 3171 4533 3234 et

1486 3289 1775 3386 integra,
1826 3281 2254 3368 orbicularis,
2303 3304 2482 3351 nunc
2525 3278 2845 3365 lateralis,
2895 3276 3096 3348 2—3
3148 3302 3300 3348 unc.
3351 3274 3498 3391 lata.
3553 3273 3839 3367 Habitu,
3891 3280 4075 3379 pileo
4131 3278 4349 3355 dense
4379 3304 4531 3354 con-

1487 3407 1781 3480 centrice
1832 3401 2089 3475 sulcato
2140 3400 2435 3498 villoque
2515 3397 2845 3497 adpresso
2900 3406 3303 3469 canescente
3361 3409 3430 3468 et
3478 3396 3755 3470 alveolis
3813 3397 4015 3471 firmis
4085 3398 4535 3473 subrotundo-

1488 3524 1859 3622 hexagonis
1918 3518 2370 3619 regularibus,
2423 3543 2543 3590 ore
2601 3516 2900 3601 obtusis,
2977 3515 3287 3613 proxime
3318 3513 3583 3588 accedit
3633 3514 3720 3588 ad
3769 3527 4167 3614 sequentem
4192 3545 4249 3591 s.
4298 3516 4395 3590 H.
4449 3533 4535 3590 te·

1493 3653 1655 3715 nnis
1706 3644 2017 3739 stirpem3
2064 3637 2285 3738 pileus
2331 3647 2552 3708 tamen
2607 3636 2934 3720 crassior,
2981 3634 3739 3721 suberoso-coriaceus,
3787 3661 3990 3733 supra
4040 3635 4285 3734 planus
4313 3637 4539 3710 subtus

1493 3787 1840 3834 convexus
1893 3769 1962 3832 et
2013 3755 2253 3829 alveoli
2305 3766 2409 3828 sat
2456 3750 2773 3853 profundi
2796 3807 2814 3839 ,
2863 3749 3045 3823 haud
3091 3751 3658 3849 glaucopruinosi.
3762 3749 3969 3826 Basis
4018 3753 4422 3853 subpeltata.

1493 3907 1594 3943 ”⁹
1637 3905 1935 3979 Alveolis
1966 3905 2239 4004 firmia
2292 3901 2594 3984 vadosis,
2652 3925 2689 3970 e
2714 3907 2997 3997 pruina
3047 3892 3673 3993 glaucescentibus,
3725 3923 3842 3967 ore
3886 3892 4140 3969 obtuso.

1591 4046 1707 4122 Ex
1755 4046 1884 4120 hac
1934 4070 2148 4145 grege
2198 4047 2539 4143 ingentem
2617 4039 2978 4112 formarum
3057 4063 3406 4112 numerum
3474 4065 3514 4114 e
3574 4038 3922 4138 plerisque
3986 4039 4184 4113 terris
4272 4037 4543 4136 tropicis

1505 4179 1912 4268 reportatam
1961 4164 2186 4237 habeo
2241 4174 2311 4236 et
2361 4161 2429 4234 h.
2483 4161 2561 4247 l.,
2608 4170 2881 4258 praeter
2931 4170 3330 4257 sequentes,
3387 4158 3482 4229 H.
3514 4157 3800 4258 peltata
3849 4155 4074 4257 Fung.
4127 4153 4294 4229 Nat.
4324 4183 4393 4256 p.
4430 4156 4546 4238 16,

1500 4289 1682 4388 pileo
1737 4286 2048 4359 crassiori
2100 4282 2410 4381 insignis,
2462 4292 2531 4353 et
2580 4277 2878 4376 reliquae
2955 4301 3360 4350 numerosae
3414 4277 3686 4375 species
3743 4278 4079 4350 recentius
4130 4275 4543 4375 propositae.

1493 4403 1730 4478 Facile
1802 4417 2024 4476 tamen
2111 4401 2360 4498 largior
2421 4398 2580 4470 mihi
2654 4396 2982 4470 hactenus
3062 4393 3360 4469 nondum
3442 4395 3861 4468 successisse
3940 4393 4180 4466 limites
4242 4393 4547 4468 definitos

1497 4524 1926 4622 plurimarum
1979 4522 2309 4619 reperire,
2363 4517 2595 4591 colore
2642 4516 2959 4589 mutabili.
3067 4509 3207 4585 Cfr.
3261 4512 3502 4607 Fung.
3552 4511 3729 4585 Nat.
3767 4539 3855 4612 p.
3907 4516 4005 4584 17.

1357 4723 1371 4738 .
1498 4663 1593 4739 H.
1649 4682 2218 4740 POLYGRAMMA.
2321 4655 2565 4757 Epicr.
2616 4680 2685 4756 p.
2741 4652 2911 4730 497.
2965 4651 3191 4727 Mont.
3247 4634 3427 4726 dub.
3465 4676 3535 4752 p.
3569 4652 3739 4729 379.
3795 4660 3841 4726 t.
3900 4653 4013 4726 14.
4071 4649 4118 4725 f.
4161 4652 4227 4726 3.
4342 4653 4549 4750 Poly-

1489 4812 1738 4885 porus.
1834 4776 2091 4877 Ejusd.
2145 4774 2219 4850 in
2270 4775 2464 4849 Ann.
2520 4774 2636 4848 Sc..
2693 4771 2848 4847 Nat.
2902 4771 3094 4845 VIII.
3151 4795 3220 4871 p.
3276 4771 3446 4844 365.

1600 4925 1684 4998 In
1729 4921 1941 4996 terris
1983 4917 2282 5021 tropicis
2333 4915 2717 5017 frequenS,
2772 4923 2920 4990 tam
2977 4913 3284 5016 antiqui,
3333 4939 3551 5016 quam
3596 4913 3770 4989 novi
3823 4913 4043 4989 orbis.

1609 5052 1936 5134 Quamvis
1994 5053 2163 5127 haec
2214 5080 2252 5126 a
2297 5080 2487 5154 sequ.
2541 5056 2718 5129 bene
2772 5055 3037 5129 diversa
3086 5054 3425 5143 videatur,
3500 5055 3731 5130 formis
3806 5056 4045 5129 mediis
4122 5069 4346 5131 tamen
4402 5084 4553 5131 cum

1504 5174 1742 5249 eadem
1809 5200 2025 5272 paene
2076 5175 2388 5272 jungitur.
2493 5170 2617 5245 Sic
2691 5173 2787 5248 H.
2841 5184 3065 5247 tenuis
3126 5200 3166 5247 e
3232 5188 3407 5247 terra
3486 5172 3693 5247 Natal
3773 5172 4030 5273 (Fung.
4085 5172 4245 5248 Nat.
4301 5203 4372 5276 p.
4435 5177 4559 5275 17)

1510 5295 1798 5368 strictius
1847 5292 1978 5365 huc
2025 5291 2408 5379 reserenda,
2459 5291 2639 5365 bene
2687 5317 2816 5391 per
2862 5293 3113 5368 litteras
3166 5305 3479 5368 monente
3533 5295 3721 5366 amic.
3774 5293 4123 5392 Berkeley.
