4984 6517
3456 545 3564 630 21

130 792 149 841 ι
456 760 537 835 Χ.
640 756 1033 834 Cavendum
1082 787 1267 847 vero,
1316 786 1401 835 ne
1454 758 1799 859 fingamus,
1848 758 2086 834 limites
2138 760 2425 835 existere
2486 771 2723 835 acutos
2772 762 2942 834 inter
2993 761 3485 861 vegetationem
3537 777 3677 837 tro·

642 882 861 979 picam
918 891 987 953 et
1033 891 1500 979 temperatam3
1551 879 1789 952 limites
1837 879 1901 953 in
1936 878 2325 978 regionibus
2374 878 2781 954 intermediis
2831 892 2899 953 et
2948 881 3314 980 praecipue
3344 882 3410 953 in
3462 878 3678 954 Ame-

643 1000 777 1072 rica
827 997 1085 1072 boreali
1138 1024 1420 1096 prorsus
1462 997 1821 1070 confluunt.
1921 995 2074 1071 Jam
2117 999 2182 1070 in
2231 999 2510 1096 regione
2535 997 3018 1073 mediterranea
3064 1011 3196 1071 tam
3230 1000 3402 1073 inter
3430 997 3678 1073 Liche-

640 1142 793 1203 nes,
841 1142 1041 1215 quam
1081 1113 1369 1215 Fungos
1417 1115 1659 1191 adsunt
1706 1116 1947 1189 indicia
1996 1143 2320 1216 generum
2372 1119 2722 1216 regionum
2778 1117 3164 1191 calidiomm
3211 1144 3273 1189 v.
3327 1145 3385 1192 c.
3449 1118 3678 1217 Gyra-

626 1232 1125 1334 phragmium,
1198 1235 1572 1320 Secotium,
1657 1235 1993 1321 Xerotust,
2059 1235 2400 1320 Favolus,
2453 1247 2580 1309 etc.
2682 1233 2802 1309 De
2853 1235 3196 1336 plerisque
3247 1248 3466 1309 tamen
3518 1263 3676 1336 per·

642 1352 1029 1427 fectioribus
1080 1356 1443 1452 generibus
1498 1353 1689 1426 facile
1725 1365 1830 1427 est
1858 1353 2073 1443 dictu,
2116 1367 2335 1427 utrum
2385 1367 2618 1428 centro
2680 1353 3016 1454 gaudeant
3057 1355 3323 1453 tropico
3371 1381 3456 1428 an
3506 1369 3678 1428 tem-

643 1484 897 1570 petato.

449 1609 562 1685 xl.
648 1608 897 1690 Quoad
948 1612 1268 1684 stationes
1319 1608 1544 1711 Fungi
1581 1612 2020 1711 perfectiores
2074 1614 2312 1714 tropici
2365 1613 2578 1712 magis
2624 1613 2902 1715 epixyli,
2948 1611 3298 1710 regionum
3343 1620 3676 1707 tempera·

641 1744 850 1803 tarum
898 1729 1309 1829 frequentius
1363 1728 1669 1802 videntur
1725 1744 2096 1806 terrestres.
2212 1728 2378 1804 Non
2432 1744 2653 1805 tamen
2706 1731 2951 1805 desunt
3016 1731 3083 1802 in
3146 1728 3421 1826 tropicis
3495 1725 3677 1824 fimgi

642 1861 1025 1937 terrestres,
1101 1848 1225 1921 sed
1300 1849 1367 1921 in
1422 1847 1763 1948 plerisque
1841 1848 2160 1923 formatur
2210 1876 2248 1923 e
2300 1851 2589 1951 mycelio
2642 1850 3042 1936 luxuriante,
3117 1848 3459 1944 insigniter
3511 1870 3676 1916 con-

638 1967 914 2040 densato
969 1980 1039 2042 et
1087 1993 1296 2066 saepe
1367 1968 1673 2053 limitato,
1746 1979 2042 2068 systema
2091 1970 2540 2067 vegetativum
2584 1970 2785 2068 longe
2835 1968 3187 2066 insignius,
3237 1977 3313 2037 ut
3363 1965 3428 2035 in
3477 1959 3690 2061 Sele·-

642 2088 1004 2160 romatibus
1060 2087 1483 2160 terrestribus
1539 2086 1702 2158 infra
1753 2087 2107 2185 descriptis
2159 2086 2390 2159 videre
2437 2088 2610 2161 licet.
2713 2083 2977 2185 Fungis
3045 2086 3263 2159 obiter
3312 2082 3560 2155 avulsis
3609 2082 3675 2153 in

640 2218 812 2277 terra
860 2217 1115 2293 manet,
1167 2230 1375 2304 quare
1424 2207 1489 2277 in
1542 2202 2091 2306 Mycophylaciis
2142 2205 2347 2303 vulgo
2403 2204 2615 2278 deest.
2742 2202 2914 2279 Tale
2964 2203 3320 2305 mycelium
3371 2202 3438 2272 in
3491 2199 3674 2272 nullo

634 2322 840 2421 fungo
924 2323 1237 2423 indigene
1318 2322 1635 2410 vidimus,
1698 2350 1850 2395 nam
1903 2352 1956 2396 s.
2011 2321 2073 2394 d.
2126 2323 2313 2396 radix
2365 2322 2672 2418 Agar-ici
2748 2324 3053 2396 radicati
3102 2332 3209 2395 est
3248 2319 3674 2418 prolongatio

635 2442 906 2541 stipitis,
950 2442 1287 2515 radicibus
1334 2443 1649 2515 arborum
1702 2441 2153 2515 subterraneis
2198 2441 2390 2529 affixi,
2434 2440 2560 2514 sed
2606 2443 2671 2514 in
2729 2439 2958 2514 Italico
3011 2441 3359 2538 Polyper-0
3399 2433 3674 2510 tubera-

635 2575 808 2631 ποτε
832 2557 1013 2632 idem
1042 2559 1271 2632 videre
1322 2559 1495 2637 licet.
1597 2555 1956 2656 Ejusmodi
2000 2560 2283 2661 mycelia
2313 2561 2636 2658 perennia
2664 2571 2848 2646 sunt,
2897 2560 3173 2660 singulis
3217 2559 3403 2630 annis
3453 2578 3676 2627 novos

635 2676 877 2776 fungos
930 2679 1287 2764 enitentes,
1328 2678 1533 2778 vulgo
1588 2706 1627 2752 e
1679 2677 1911 2750 floccis
1964 2675 2159 2751 nudis
2210 2680 2507 2752 mucosis
2563 2690 2805 2752 terram
2857 2691 2928 2752 et
2968 2678 3261 2777 glaream
3292 2685 3473 2747 arcte
3511 2697 3676 2744 con·

629 2797 1058 2893 globantibus
1130 2795 1333 2883 sacta3
1402 2808 1468 2867 at
1545 2796 1813 2895 quando
1867 2797 2080 2895 stipes
2132 2809 2354 2870 crusta
2433 2797 2687 2871 laccata
2737 2796 3104 2884 obductus,
3152 2792 3325 2868 haec
3367 2790 3586 2878 radix,
3639 2817 3678 2861 a

554 2986 557 2989 ,
632 2915 856 3013 stipite
909 2914 1066 2986 licet
1113 2913 1597 3013 heterogenea,
1646 2917 1840 2988 etiam
1890 2917 2248 2988 incrustata
2302 2927 2407 2990 est
2449 2929 2521 2989 et
2568 2915 2836 2991 definita
2889 2917 3202 3014 intusque
3247 2937 3432 2986 mere
3466 2935 3677 3009 spon-

634 3036 827 3133 giosa
895 3033 1227 3120 floccosa,
1308 3057 1515 3133 quare
1598 3058 1750 3106 cum
1825 3033 2259 3133 Pachymate
2331 3034 2611 3107 confusa
2675 3034 2812 3107 fuit.
2929 3029 3306 3134 Mycelium
3356 3032 3447 3101 ita
3497 3029 3676 3100 bene

634 3151 1047 3224 efformatum
1094 3152 1161 3223 in
1211 3152 1471 3226 climate
1520 3154 1706 3226 sicco
1759 3155 2212 3225 necessarium
2258 3152 2523 3227 videtur
2572 3151 2658 3225 ad
2709 3152 2894 3251 fungi
2942 3151 3100 3224 lenti
3151 3150 3622 3223 evolutionem.

440 3292 594 3368 XII.
644 3291 721 3367 In
774 3295 1118 3394 plerisque
1169 3299 1532 3394 generibus
1585 3299 1748 3370 alius
1830 3309 1936 3370 est
1985 3300 2364 3395 specierum
2443 3310 2648 3400 typus
2724 3299 2790 3370 in
2874 3296 3184 3396 tropicis,
3235 3292 3399 3365 alius
3440 3293 3507 3363 in
3566 3314 3676 3362 re·
3811 3358 3834 3373 ,

633 3414 946 3512 gionibus
1008 3418 1413 3513 temperatis.
1520 3413 1642 3490 Sic
1691 3419 1757 3489 in
1809 3417 2152 3515 plerisque
2209 3418 2573 3516 speciebus
2646 3415 2930 3517 epixylis
2972 3442 3036 3486 v.
3095 3440 3153 3486 c.
3203 3409 3677 3493 Lentinormn,

628 3531 1168 3634 Polypororum,
1229 3531 1653 3621 Trametum,
1708 3533 2154 3621 Favolorum,
2201 3531 2599 3608 Stereorum
2652 3562 2711 3609 e.
2766 3562 2818 3608 s.
2865 3561 2934 3633 p.
2989 3529 3183 3604 adest
3226 3530 3409 3604 basis
3462 3551 3674 3624 pecu-

630 3653 768 3725 liari
828 3652 1086 3724 ratione
1142 3652 1702 3726 scutato-dilatata
1724 3711 1742 3742 ,
1793 3653 2004 3753 qualis
2055 3655 2122 3726 in
2196 3653 2526 3752 indigenis
2593 3653 2980 3753 simpliciter
3049 3650 3397 3725 sessilibus
3465 3643 3674 3717 deest.

629 3768 844 3879 (Inter
888 3767 1227 3869 Agaricos
1280 3769 1473 3844 adest
1522 3771 1728 3845 modo
1802 3771 2122 3845 remotior
2166 3773 2523 3873 analogia.)
2650 3768 2897 3872 Typus
2961 3769 3072 3843 ille
3124 3767 3473 3866 singularis
3529 3788 3678 3835 um·—

632 3889 1174 3962 bonato-sessilis
1208 3885 1623 3981 ‘Stercorum
1678 3893 1874 3963 etiam
1925 3892 1990 3963 in
2043 3891 2262 3963 multis
2310 3885 2681 3991 Polyporis
2732 3901 2858 3962 etc.
2905 3887 3181 3988 tropicis
3231 3886 3420 3960 redit.
3491 3884 3674 3986 Spe-

632 4008 769 4079 cies
817 4006 1002 4104 pileo
1058 4009 1219 4080 setis
1286 4011 1567 4081 ramosis
1632 4007 1939 4096 horrido,
1996 4008 2178 4108 pileo
2237 4011 2598 4108 stipiteque
2652 4006 2922 4081 laccatis
2978 4006 3337 4079 nitentibus
3389 4032 3448 4079 e.
3502 4036 3554 4079 s.
3607 4033 3674 4107 p.

630 4127 696 4197 in
741 4127 1020 4225 tropicis
1071 4126 1273 4224 longe
1318 4127 1746 4225 vulgatiores
1853 4125 2117 4202 Omnes
2168 4126 2514 4228 Agaricini
2548 4123 3003 4229 phosphorea
3052 4123 3204 4197 luce
3263 4124 3677 4217 renidentes,

633 4244 823 4315 unica
874 4256 1162 4344 excepta
1210 4247 1441 4344 specie
1486 4244 2000 4333 mediterranea,
2047 4248 2114 4318 in
2167 4247 2359 4319 terris
2413 4244 2839 4319 calidioribus
2891 4241 3204 4315 habitant.

732 4384 980 4463 Plures
1032 4391 1404 4490 singulares
1458 4391 1544 4466 de
1599 4395 1976 4491 specierum
2031 4390 2493 4465 distributione
2567 4404 2636 4464 et
2691 4389 3085 4463 stationibus
3166 4389 3674 4463 observationes

432 4504 761 4578 attulimus
808 4509 876 4581 in
931 4505 1212 4582 Summa
1258 4507 1756 4609 Vegetabilium
1811 4508 2318 4584 Scandinaviae.
2442 4507 2841 4607 Fungorum
2896 4506 3175 4579 diversis
3228 4505 3396 4583 locis
3448 4511 3672 4583 varie-

436 4634 532 4693 tas
598 4627 808 4723 magis
860 4626 1068 4725 vulgo
1127 4655 1166 4702 e
1225 4631 1507 4733 physica
1561 4632 1855 4729 regionis
1900 4628 2159 4717 indole,
2213 4655 2410 4728 quam
2465 4654 2506 4702 e
2559 4626 2818 4699 climate
2868 4624 3139 4725 pendet.
