4984 6517
3428 608 3545 704 83

607 838 962 909 contextu
1041 830 1324 908 fibi-oso
1403 829 1743 907 umbi-ino
1757 888 1776 918 ‚
1861 829 2066 933 poris
2146 826 2438 905 minutis
2513 826 2847 905 rotundis
2912 827 3360 907 brevissimis
3432 830 3615 908 albis
3631 893 3647 919 ,

605 958 833 1026 traam
882 949 1238 1026 umbrina.

707 1096 833 1173 Ad
875 1104 1175 1172 truncos
1221 1090 1473 1171 In‘diae
1527 1093 2017 1171 occidentalis.
2121 1097 2426 1171 Benzon.

719 1245 1005 1321 Minima
1056 1247 1257 1346 hujus
1333 1247 1564 1346 gregis
1637 1248 1942 1347 species,
2014 1249 2281 1347 postice
2338 1244 3021 1335 umbonato·adnata,
3079 1246 3312 1322 habitu
3363 1245 3649 1325 Sterco-

609 1393 755 1442 rum
803 1369 1154 1440 minorum.
1254 1362 1491 1439 Pileus
1544 1367 1934 1453 coriaceus,
1983 1368 2293 1466 utrinque
2329 1366 2604 1466 planus,
2656 1365 2697 1438 l.
2724 1392 3019 1465 superne
3048 1365 3361 1456 declivis,
3413 1395 3452 1441 a
3501 1369 3647 1443 basi

611 1485 1275 1585 radiato-rugosus,l
1312 1509 1463 1557 unc.
1490 1496 1560 1558 et
1609 1484 1799 1557 ultra.
1901 1482 2280 1558 Contextus
2332 1487 2584 1572 tenuis,
2631 1482 2811 1557 haud
2864 1485 3110 1582 rigens.
3211 1480 3386 1559 Pilei
3436 1488 3651 1559 minu-

609 1607 690 1691 ti,
741 1604 1173 1691 subrotundi,
1227 1604 1582 1704 aequales,
1638 1604 1895 1691 obtusi,
1947 1607 1981 1702 ᾗ
2032 1603 2138 1676 lin.
2200 1616 2450 1677 tantum
2509 1603 2723 1702 longi,
2776 1613 2971 1675 extus
3022 1603 3337 1702 intusque
3417 1602 3650 1691 albidi,

602 1723 733 1798 scd
786 1722 1062 1797 dissecti
1111 1735 1483 1797 monstrant
1524 1736 1801 1796 tramam
1848 1718 2211 1795 admodum
2259 1720 2674 1796 manifestam
2727 1722 3120 1794 umbrinam.

717 1888 870 1966 Obs.
972 1889 1197 1966 Nimis
1286 1888 1659 1964 deduceret
1735 1893 2060 1966 rationem
2138 1891 2429 1965 reddere
2489 1891 2782 1964 omnium
2864 1893 3246 1989 specierum
3309 1893 3445 1969 hoc
3495 1896 3649 1971 loco

605 2010 1133 2086 inserendarum.
1234 2006 1538 2082 Afferam
1592 2008 1801 2082 modo
1855 2008 2025 2083 duas
2080 2021 2212 2082 tam
2264 2021 2553 2109 propter
2602 2037 3011 2112 synonyma,
3062 2038 3263 2111 quam
3309 2015 3543 2090 sedem
3586 2019 3652 2091 in

607 2129 737 2203 hac
788 2131 998 2228 stirpe
1051 2129 1267 2200 minus
1321 2130 1780 2227 conspicuam.
1857 2132 1930 2222 ⁴)
1986 2129 2071 2201 P.
2125 2128 2630 2223 lilacinogilvus
2681 2126 2910 2203 Berk!
2948 2132 3012 2203 in
3059 2126 3240 2205 Anu.
3268 2130 3431 2207 Nat.
3470 2132 3647 2209 Hist.

605 2247 728 2325 ΠΙ.
759 2277 828 2349 p.
854 2254 998 2336 324,
1021 2245 1329 2321 Auctore
1381 2250 1515 2345 jam
1564 2239 1686 2320 rite
1734 2249 2160 2334 observante,
2210 2258 2316 2320 est
2368 2258 2580 2320 status
2612 2249 2834 2345 junior
2864 2250 2950 2322 P.
2980 2248 3149 2323 Feci
3197 2249 3652 2351 Epicr.,unde

608 2369 976 2469 specimina
1043 2367 1247 2465 longe
1314 2367 1608 2454 minora,
1658 2367 2015 2466 pileusque
2090 2367 2306 2438 minus
2382 2365 2654 2463 politus.
2761 2363 3015 2442 Colore
3092 2367 3296 2445 dilute
3374 2398 3653 2460 carneo,

609 2488 673 2560 in
722 2484 951 2558 adulto
1005 2484 1187 2585 pileo
1235 2484 1510 2559 sordide
1564 2496 2001 2571 canescente,
2053 2484 2245 2559 facile
2298 2482 2734 2582 dignoscitur.
2835 2482 3018 2559 Huic
3067 2489 3314 2586 magis,
3366 2516 3568 2590 quam
3613 2518 3654 2567 e

607 2604 840 2678 colore
907 2604 1234 2702 fingeres,
1288 2604 1498 2677 affinis
1562 2617 1670 2679 est
1768 2607 1842 2702 2)
1917 2604 2003 2675 P.
2069 2613 2420 2698 strigatus
2491 2599 2723 2678 Berk!
2807 2602 3003 2677 Cent.
3056 2603 3144 2679 II.
3194 2634 3258 2680 n.
3313 2612 3456 2696 474,
3543 2612 3659 2710 qui

607 2721 785 2796 idem
849 2724 1118 2794 omnino
1173 2749 1256 2797 ac
1308 2724 1394 2796 P.
1447 2724 1930 2796 verrucnlosm·
1977 2720 2235 2823 Epicr.,
2299 2723 2363 2794 in
2435 2724 2630 2797 terris
2700 2723 3127 2799 calidioribus
3200 2724 3380 2797 haud
3448 2753 3654 2801 rarus.

607 2839 721 2915 An
791 2839 903 2914 hic
951 2869 1119 2916 vero
1178 2868 1383 2916 verus
1459 2844 1543 2916 P.
1595 2841 2076 2916 verruculosus
2144 2838 2364 2942 Mey.,
2412 2851 2488 2911 ut
2540 2866 2577 2913 e
2630 2840 3010 2916 definitione
3061 2841 3242 2915 haud
3294 2844 3656 2921 recedente

608 2961 798 3048 finxi,
849 2986 986 3033 non
1039 2961 1200 3034 satis
1248 2961 1476 3060 liquet.
1579 2959 1825 3036 Varias
1873 2972 2069 3033 notas
2121 2958 2328 3032 habet
2379 2982 2533 3031 cum
2588 2959 2675 3032 P.
2748 2972 3038 3056 cot-rugi
3111 2989 3538 3052 communes,
3592 2978 3660 3039 at

613 3079 816 3178 longe
870 3080 1119 3176 major,
1171 3079 1483 3178 rigidior,
1534 3080 1988 3178 sublignosus.
2093 3075 2173 3150 In
2225 3077 2310 3149 P.
2364 3077 2798 3150 verruculoso
2850 3079 3127 3180 insuper
3174 3080 3391 3179 pileus
3438 3084 3660 3180 junior

609 3197 977 3297 laevigatus
1027 3209 1163 3285 est,
1213 3225 1342 3299 per
1394 3210 1713 3285 aetatem,
1756 3198 2126 3298 praecipue
2193 3195 2461 3296 postice
2529 3196 3040 3287 verruculosus,
3101 3199 3462 3298 strigisque
3538 3199 3659 3273 ad-

607 3319 777 3390 natis
829 3314 1238 3389 radiantibus
1290 3317 1748 3416 inaequabilis.
1852 3312 2020 3387 Pori
2072 3339 2271 3414 quam
2314 3314 2600 3386 maxime
2645 3312 2915 3388 diverso
2968 3316 3199 3391 colore
3246 3328 3498 3391 tantum
3550 3346 3659 3395 re·

612 3433 864 3509 cedunt
913 3461 952 3506 a
1001 3436 1190 3534 poris
1243 3437 1331 3509 P.
1389 3434 1574 3509 Feci.

1679 3589 1712 3622 '
1739 3589 1772 3622 '
1831 3586 2178 3664 Contextu
2228 3586 2400 3663 albo.

417 3746 513 3811 ΩΒ.
617 3736 696 3811 Ρ.
754 3735 1161 3839 (ΞΤυΡοει)
1231 3762 1688 3824 muratus,
1771 3736 1967 3837 pileo
2051 3736 2745 3837 stuppeo-coriaceo
2827 3737 3423 3831 effuso-reflex0,
3499 3742 3662 3845 pilis

612 3853 997 3931 subtilibus
1048 3854 1312 3931 erectis
1364 3854 1693 3957 strigosis
1745 3853 2010 3930 hirtulo
2030 3914 2048 3942 ,
2105 3853 2435 3956 primitus
2481 3881 2725 3931 azono
2743 3914 2761 3943 ,
2819 3856 3119 3932 demum
3162 3884 3422 3935 versus
3472 3886 3663 3936 mar-

617 3973 864 4075 ginem
918 3972 1255 4048 obsolete
1312 3982 1386 4049 et
1433 3973 2164 4060 concolori-sulcate,
2217 3980 2572 4048 contextu
2623 3973 2908 4063 albido,
2967 3975 3169 4077 poris
3219 3978 3480 4055 mediis
3540 4004 3663 4054 ro·

621 4091 864 4167 tundis
917 4091 1417 4194 angulatisque
1473 4089 2114 4193 helvolo-pallidis‚
2172 4092 2470 4167 demum
2516 4093 3116 4171 tuscescentibus.

718 4239 845 4316 Ad
898 4248 1199 4315 truncos
1241 4240 1317 4316 in
1369 4263 1602 4343 regno
1653 4238 2069 4314 MexicanO.
2177 4237 2536 4313 Liebman.

709 4393 948 4470 Primo
1026 4396 1266 4468 obtutu
1317 4397 1402 4469 P.
1461 4395 1733 4468 hirsuto
1809 4394 2208 4480 simillimus,
2285 4391 2411 4466 sed
2458 4418 2745 4479 azonus;
2816 4393 3109 4480 mollior,
3174 4394 3501 4492 porisque
3556 4418 3668 4467 se-

625 4517 982 4616 quentibus
1029 4517 1313 4616 propius
1366 4514 1724 4587 accedens.
1827 4510 2060 4585 Pileus
2139 4512 2722 4611 segmentoideus,
2784 4513 3216 4585 transversim
3279 4518 3464 4583 2-—3
3515 4537 3665 4584 unc.

621 4635 823 4721 latus,
876 4660 1088 4733 saepe
1140 4630 1529 4720 undulatus,
1581 4659 1622 4705 e
1671 4642 1971 4705 tomento
2039 4632 2254 4706 denso
2332 4631 2596 4705 hirtello
2676 4631 3077 4704 fulvescens.
3178 4627 3417 4704 Variat
3485 4642 3668 4703 totus

617 4753 1195 4853 peitate-effusus,
1250 4751 1674 4838 orbicularis,
1742 4764 1811 4823 at
1861 4776 1898 4822 a
1950 4753 2224 4824 matrice
2300 4750 2491 4825 sacile
2572 4748 2939 4836 secedens3
3018 4749 3225 4849 vulgo
3278 4775 3443 4822 vero
3511 4748 3669 4848 plus

616 4875 832 4945 minus
883 4873 1208 4958 reflexus,
1261 4871 1562 4968 margine
1620 4881 1840 4943 acuto.
1951 4866 2330 4944 Contextus
2381 4869 2637 4955 mollis,
2689 4868 2901 4941 albus.
3007 4866 3176 4941 Pori
3232 4867 3463 4955 medii,
3526 4869 3668 4966 pri-

615 4992 810 5064 mitus
889 4989 1257 5078 rotundati,
1339 4989 1597 5074 obtusi;
1680 4989 1834 5062 dein
1888 4987 2205 5076 conserti,
2274 4992 2482 5077 acuti,
2541 4986 2963 5087 inaequales,
3016 4998 3084 5059 at
3156 5014 3293 5059 non
3365 4986 3666 5072 lacerati,

622 5108 1163 5209 ligneo-helvum
1211 5108 1480 5182 demum
1519 5109 1995 5195 cinnamomei,
2032 5106 2646 5182 subfuscescentes.
2726 5106 2815 5176 P.
2849 5104 3125 5177 villosus
3157 5104 3410 5204 Epicr.,
3445 5099 3668 5175 Mont.

617 5226 791 5302 Ann.
843 5224 968 5301 Sc.
1018 5222 1181 5297 Nat.
1227 5230 1411 5300 ⁴847.
1467 5229 1494 5298 Ι
1555 5252 1624 5325 p.
1682 5233 1825 5315 470,
1879 5225 2087 5301 multo
2140 5227 2404 5311 tenuior
2444 5225 2752 5326 rigidior,
2803 5225 2871 5297 in
2920 5222 3307 5322 fuligineum
3357 5247 3670 5321 vergens.

616 5344 902 5422 Minime
948 5343 1329 5444 Hexagona
1377 5356 1504 5419 est.
