4984 6517
746 1755 1280 1848 moVAE
1358 1752 2262 1844 §rumonus
2331 1692 3586 1856 ΜΥοόιοῡ-ιοᾼε,

1599 1948 1698 2025 ΙΝ
1751 1946 2333 2024 PEREGRINIS
2387 1945 2737 2021 TERRIS

1309 2138 1384 2212 A
1433 2136 1957 2213 BOTANlcls
2004 2136 2399 2213 DANlcls
2450 2137 3052 2245 cosLEcTAE.
3147 2078 3154 2087 ’

1971 2387 2386 2440 RECENSUIT

1744 2504 2153 2641 'umas
2209 2560 2608 2631 rmus.

550 2782 743 2890 Per
796 2830 1008 2891 terras
1078 2815 1702 2917 Extrareuropaeas
1754 2820 2257 2921 peregrinantes
2337 2821 2609 2891 eximias
2675 2820 3026 2919 fungorum
3077 2820 3507 2892 collectiones
3557 2810 3834 2917 tepor--

556 2950 779 3013 tarunt
852 2936 1037 3007 multi
1108 2936 1252 3011 cell.
1329 2934 1645 3010 Botanici
1710 2935 2085 3015 Danorum.
2191 2934 2293 3010 Ut
2340 2950 2598 3013 taceam
2678 2937 2811 3009 divi
2870 2937 3245 3010 Komssssn
3303 2936 3794 3021 collectionem,

554 3054 629 3127 in
694 3051 992 3126 Musaeo
1072 3052 1461 3129 Britannico
1540 3083 1717 3129 nunc
1783 3069 2111 3129 servatam
2169 3069 2239 3130 et
2281 3083 2318 3129 a
2362 3052 2541 3131 Rev.
2592 3052 2944 3157 Berkeley.
2989 3057 3423 3156 descriptam,
3479 3059 3609 3152 jam
3659 3056 3794 3154 pri-
3927 3106 3966 3139 ..
4055 3108 4088 3135 .,

354 3130 443 3275 ,ἒ
556 3166 721 3247 dem
770 3175 835 3243 in
887 3174 1083 3247 variis
1135 3175 1405 3272 scriptis
1448 3177 1759 3249 recensui
1808 3173 1974 3253 Ceu.
2027 3172 2680 3249 WORMSCHOLDII
2735 3200 2773 3248 e
2830 3168 3340 3260 Kamtschatka,
3397 3172 3713 3247 RABENI
3756 3202 3793 3248 e

400 3296 421 3321 ““
562 3288 1019 3376 Grfinlandia,
1091 3288 1382 3365 LUNDII
1438 3318 1477 3365 e
1531 3290 1851 3381 Brasilia,
1931 3293 2299 3367 Bnnzom
2367 3320 2453 3366 ex
2509 3290 2796 3365 Antiflis.
2898 3290 3171 3385 Ultimis
3236 3296 3421 3367 annis
3484 3320 3792 3367 accesse-

394 3404 439 3493 ἑ
552 3424 723 3487 runt
778 3436 995 3483 novae
1066 3422 1133 3481 et
1184 3412 1467 3485 maxime
1549 3396 1957 3510 spectabiles
2028 3413 2493 3501 collectiones,
2550 3409 2719 3484 Cell.
2771 3407 3318 3507 LmBMANmaee
3366 3438 3577 3509 regno
3633 3409 3793 3483 Me·
3895 3402 3908 3417 ⁸

544 3531 839 3631 ficano,
911 3525 1347 3601 Onusrnnn
1406 3555 1445 3600 e
1505 3516 1717 3601 Costa
1793 3524 1967 3603 Rica
2042 3542 2110 3604 et
2158 3527 2343 3605 India
2426 3528 2851 3617 occidentali,
2923 3527 3479 3603 Dmmcnsmm
3550 3542 3618 3602 ct
3668 3529 3802 3600 divi

558 3636 1258 3734 KAMPufivssNEm,
1327 3648 1454 3721 sub
1538 3647 1964 3747 expeditione
2043 3648 2489 3747 speculatoria
2559 3646 2746 3720 navis
2827 3644 3196 3741 Galatheae
3251 3649 3316 3721 in
3367 3646 3800 3720 Nikobaricis

206 3736 317 3811 ’ἢ
564 3769 902 3865 variisque
948 3764 1294 3838 Oceaniae
1346 3767 1577 3839 insulis
1638 3768 2026 3866 conquisita.
2129 3764 2282 3839 Hae
2339 3778 2475 3840 tres
2535 3767 2813 3841 eximiae
2867 3767 3334 3851 collectiones,
3388 3794 3560 3866 quae
3609 3792 3800 3839 meae

448 3874 459 3887 ⁸
564 3884 1098 3960 determinationi
1148 3888 1359 3959 amice
1444 3884 1881 3959 demandatae
1963 3898 2149 3973 sunt,
2202 3885 2402 3982 hujus
2485 3888 2939 3959 commentarii
2999 3887 3377 3989 praebuere
3428 3888 3800 3967 materiem,

554 4007 821 4109 quibus
898 4003 1123 4076 addidi
1172 4031 1426 4103 paucas
1475 4007 1743 4103 species
1796 4003 2093 4075 nondum
2148 4004 2520 4102 publicatas
2571 4005 2638 4075 in
2690 4002 2947 4076 eisdem
2999 4007 3192 4077 terris
3244 4006 3329 4076 ab
3375 4004 3515 4075 aliis
3575 4005 3801 4075 lectas.
3917 4046 3926 4059 ·

564 4123 824 4224 Aptius
896 4123 1050 4195 mihi
1118 4126 1333 4195 visum
1401 4136 1505 4196 est
1566 4124 1686 4195 has
1743 4121 2086 4223 symbolas
2143 4125 2533 4219 conjunctas
2585 4146 2976 4207 recensere,
3030 4148 3224 4219 quam
3277 4124 3600 4221 singulaS,
3653 4150 3804 4194 cum

368 4254 379 4267 “
482 4290 491 4299 -
568 4241 857 4317 eaedem
911 4244 1180 4341 species
1229 4268 1436 4340 saepe
1492 4244 1555 4313 in
1611 4241 1914 4340 pluribus
1964 4240 2181 4312 adsint
2229 4241 2338 4313 vel
2391 4240 2650 4326 affines,
2702 4266 2778 4312 se
2803 4242 3087 4315 invicem
3118 4241 3530 4312 illustrantes,
3584 4239 3806 4311 Etiam

558 4362 709 4435 hoc
768 4362 918 4433 loco
975 4362 1222 4433 inserui
1274 4360 1764 4457 descriptiones
1816 4357 2036 4432 adhuc
2085 4356 2497 4431 desideratas
2546 4356 2939 4456 (diagnoses
2995 4357 3149 4432 dedi
3188 4360 3254 4431 in
3300 4355 3603 4457 Synopsi
3656 4354 3806 4457 Hy-

552 4482 1149 4581 menomycetum)
1224 4477 1579 4576 fungorum
1648 4477 1716 4548 in
1774 4475 2040 4551 Guinea
2093 4505 2129 4549 a
2179 4477 2335 4549 divo
2388 4474 2743 4551 AFZELIO
2804 4476 3276 4561 collectorum,
3329 4500 3612 4573 quorum
3666 4478 3806 4547 ico-

234 4632 299 4707 !
338 4610 413 4699 {¹2⁵
450 4592 469 4607 ’
564 4626 700 4673 nes
753 4600 890 4670 aeri
934 4597 1134 4668 incidi
1186 4598 1378 4691 jussit
1430 4598 1770 4683 inventor,
1815 4596 1937 4669 sed
1992 4608 2122 4669 tam
2176 4597 2456 4695 plurima
2503 4595 2734 4667 harum
2780 4597 3179 4693 exemplaria
3216 4594 3358 4693 (vix
3409 4594 3576 4665 ultra
3606 4600 3647 4663 3
3697 4621 3808 4664 su-

270 4702 399 4821 ιΞ
568 4719 923 4818 pei-sunt),
978 4740 1176 4812 quam
1229 4715 1419 4811 ipsae
1476 4714 1739 4787 tabulae
1799 4724 2047 4789 aeneae
2099 4728 2260 4814 post
2311 4716 2565 4788 obitum
2621 4716 2776 4800 viri,
2846 4718 3075 4788 nescio
3132 4740 3262 4813 qua
3313 4711 3812 4808 infelicinegli-
3871 4692 3880 4705 ⁸

192 4808 245 4949 Ξ
308 4858 329 4881 ·
562 4837 833 4936 gentia,
889 4833 1251 4930 dissipatae
1305 4844 1474 4904 sunt.

192 5018 273 5119 '·,
302 4952 387 5141 ἒξ.
442 5120 495 5153 ..
780 5008 857 5087 In
910 5015 1421 5089 collectionibus
1476 5020 1944 5117 praesentibus
1995 5016 2224 5118 Fungi
2281 5017 2625 5117 Agat-icini
2683 5020 3039 5103 minorem,
3091 5015 3465 5118 Polyporei
3492 5042 3653 5088 vero
3685 5040 3824 5112 pro·

250 5160 383 5283 ’.τ’
422 5156 771 5285 Ρ-ωοτθ
849 5132 1054 5233 longe
1125 5138 1449 5232 majorem
1525 5163 1870 5211 numerum
1925 5138 2270 5236 praebent.
2377 5136 2575 5224 Illos,
2640 5139 2942 5236 exceptis
3008 5137 3242 5235 paucis
3299 5131 3682 5207 Marasmiis
3750 5144 3814 5205 et

374 5276 385 5285 .
474 5236 535 5287 t.

328 5308 371 5335 .-
3561 5304 3617 5366 3.

336 5446 375 5491 .·
