4984 6517
1387 576 1507 661 74

1485 793 1948 879 excentricus,
2000 792 2038 890 ᾖ
2089 815 2236 863 unc.
2290 789 2571 887 longus,
2624 792 2807 861 l—2
2860 787 2964 862 lin.
3036 814 3338 875 crassus,
3388 799 3604 876 teres,
3672 789 4003 889 aequalis,
4056 787 4536 887 glaberrimus‚

1485 911 1855 997 striatulus,
1932 920 2109 996 ater,
2173 907 2524 994 nitidulus,
2604 908 2751 981 basi
2830 907 3416 983 scutato-dilatata.
3535 906 3771 983 Pileus
3856 913 4540 1009 papyraceo-tenuis,

1481 1030 1937 1115 executi-icus,
2021 1026 2296 1126 oblique
2368 1024 2991 1101 infundibulisormis
3057 1027 3098 1100 l.
3153 1027 3521 1126 copularis,
3579 1033 3765 1100 3—4
3842 1054 3993 1100 une.
4066 1027 4275 1114 latum
4325 1032 4543 1127 junior

1486 1150 1644 1223 villo
1704 1147 1955 1232 denso,
2006 1145 2337 1231 velutino,
2405 1146 2659 1242 »primo
2715 1144 3375 1233 latescenti-fusco,»
3426 1147 3494 1218 in
3524 1146 3723 1219 siccis
3768 1146 4380 1245 olivaceogriseo,
4423 1176 4542 1223 un·

1491 1268 1695 1368 dique
1744 1267 2063 1347 vestitus,
2113 1262 2375 1335 adultus
2425 1263 2616 1335 zonis
2668 1265 2967 1362 angustis
3012 1262 3264 1336 villosis
3315 1275 3385 1337 et
3430 1263 3749 1362 glabratis
3792 1263 4009 1337 badiis
4064 1266 4542 1340 alternantibus

1485 1389 1900 1486 variegatus;
1953 1381 2257 1456 exoletus
2311 1392 2491 1453 totus
2550 1381 2928 1479 glabratus,
2996 1383 3371 1455 obscurior.
3473 1379 3643 1454 Pori
3709 1381 4146 1458 decurrentes
4220 1387 4290 1458 in
4357 1387 4537 1484 stipi·

1489 1517 1659 1592 tem,
1701 1503 1882 1577 nullo
1938 1500 2108 1573 callo
2159 1499 2440 1587 limitati,
2490 1498 2789 1587 rotundi,
2849 1500 3125 1587 minimi,
3177 1498 3358 1572 nudo
3433 1500 3635 1573 oculo
3688 1499 3870 1574 haud
3938 1505 4327 1602 conspicui,
4386 1504 4541 1577 bre·

1488 1624 1772 1710 vissimi,
1820 1620 2040 1694 albidi.
2138 1615 2464 1691 Formam
2519 1647 2652 1691 non
2704 1619 2875 1693 male
2931 1619 3135 1692 refert
3189 1619 3373 1692 Ster.
3428 1617 3953 1721 hygropltorum
4006 1619 4218 1696 Berk.

1380 1864 1395 1879 .
1501 1805 1583 1880 P.
1637 1824 2119 1880 nurnopus.
2224 1800 2466 1901 Epicr.
2521 1826 2588 1900 p.
2646 1808 2787 1874 437.
2894 1799 3076 1875 Hor.
3133 1800 3300 1875 Ber.
3356 1807 3402 1874 t.
3459 1807 3559 1875 17.
3612 1802 3655 1875 s.
3711 1807 3812 1875 ⁴2.

1591 1948 1719 2024 Ad
1770 1956 2072 2023 truncos
2144 1948 2475 2021 Guincae
2523 1946 2755 2049 (Afz.
2816 1959 2898 2021 ic.
2952 1976 3017 2019 n.
3071 1945 3219 2049 6.),·
3285 1944 3360 2019 in
3428 1943 3617 2020 Pulo
3695 1942 3876 2020 Milu
3952 1946 4561 2051 (Khmplmvemr‘

1486 2098 1554 2143 n.
1606 2066 1790 2172 12),·
1845 2065 1920 2140 in
1971 2064 2150 2140 silva
2203 2065 2462 2139 crateri
2512 2063 2838 2140 Kalavae
2888 2063 3249 2164 proxima.
3355 2064 3779 2137 Didrichsen
3830 2094 3896 2137 n.
3952 2072 4052 2140 51.

1593 2215 1889 2318 Species
1936 2219 2302 2290 notissima.
2405 2214 2821 2291 Varietatem
2868 2220 3369 2314 gracilentum,
3421 2222 3750 2318 insignem
3814 2220 3996 2320 pileo
4052 2220 4393 2320 profunde
4428 2230 4540 2301 jn·

1486 2334 2005 2411 fundibuliformi
2070 2335 2276 2409 nitido
2338 2339 2731 2423 stramineo,
2801 2341 2989 2410 zonis
3048 2337 3346 2436 pallidis,
3399 2340 3624 2437 stipite
3688 2340 4056 2437 gracillimo
4120 2344 4346 2440 ἱξ-Ω
4396 2367 4542 2414 unc.

1488 2454 1698 2555 longo
1745 2453 1969 2528 lucido
2022 2453 2270 2554 pallide
2316 2452 2491 2526 flavo
2541 2497 2633 2511 -
2685 2458 2752 2528 in
2802 2456 3014 2529 insula
3063 2452 3379 2530 Nikobar
3426 2457 3590 2557 leg-it
3637 2459 4187 2561 Kamplcffvemr.

1400 2606 1436 2719 ᾗ
1484 2603 1570 2680 P.
1629 2604 2194 2680 Conmmnsm
2243 2601 2461 2677 Berk.

1395 2836 1404 2841 ι
1590 2745 1712 2822 Ab
1764 2752 2074 2824 omnibus
2127 2748 2727 2849 praecedentibus,
2777 2758 3092 2851 quantum
3129 2773 3170 2821 e
3221 2748 3590 2845 specimine
3640 2749 3857 2822 minus
3904 2749 4084 2823 bene
4136 2762 4541 2825 conservato

1491 2867 1790 2968 judicare
1869 2868 2056 2955 licet,
2110 2880 2401 2966 excepto
2456 2868 2544 2939 Ρ.
2580 2868 2845 2969 perula
2896 2895 2961 2940 n.
3009 2873 3080 2952 6,
3130 2864 3334 2963 longe
3407 2863 3639 2954 distat,
3690 2865 3817 2940 sed
3874 2893 3913 2942 e
3964 2895 4291 2967 purorum
4363 2896 4541 2942 mor-

1487 2987 1691 3088 phosi
1738 2987 1875 3060 hoc
1923 2987 2081 3061 loco
2128 2984 2547 3060 inserendus.
2648 2984 2767 3060 De
2809 2987 2898 3059 P.
2951 2984 3298 3080 calcigeno
3345 2979 3579 3072 Berk,
3619 2986 3778 3058 nulli
3804 2986 3910 3059 alii
3942 2988 4064 3060 rite
4101 2987 4315 3077 affini,
4355 2986 4541 3061 vide·

1491 3132 1567 3181 88
1622 3132 1846 3206 Supra·

2403 3246 2481 3321 C.
2589 3244 2821 3346 Stirps
2872 3245 2953 3320 Ρ.
3010 3269 3449 3325 υιεοῐΡΕυιε.

1592 3396 1829 3472 Pileus
1882 3399 2266 3485 coriaceus,
2320 3396 2860 3482 subrenisormis‚
2914 3410 3227 3483 zonatus‚
3280 3400 3504 3498 stipite
3554 3397 3806 3471 laterali
3857 3398 3952 3494 (in
4004 3398 4219 3470 9—tt
4259 3396 4538 3497 elonga-

1489 3522 1627 3615 to),
1677 3519 1883 3617 vulgo
1944 3517 2382 3601 brevissimo,
2438 3514 2586 3588 basi
2653 3515 3244 3588 scutato-dilatato.
3348 3513 3653 3590 Maxime
3726 3515 3989 3614 analogi
4065 3542 4219 3587 cum
4286 3512 4538 3617 Polyp.

1487 3635 1942 3718 Petaloideis,
1995 3631 2123 3705 sed
2182 3634 2360 3704 notis
2422 3635 2692 3730 generis
2739 3633 2917 3705 clare
2986 3632 3252 3707 diversi.
3349 3631 3573 3706 Etiam
3627 3635 3712 3706 P.
3760 3643 4185 3730 sanguineus
4254 3637 4542 3708 maxime

1487 3751 1909 3852 Discipedes
1968 3749 2204 3837 refert,
2249 3776 2379 3823 nec
2426 3777 2757 3849 pororum
2803 3762 3131 3825 structura
3186 3765 3255 3825 et
3281 3752 3462 3850 pileo
3508 3780 3645 3826 non
3686 3764 3930 3825 zonato
3985 3751 4219 3826 differt.
4323 3751 4543 3827 Prae-

1488 3885 1592 3947 ter
1643 3871 1913 3969 species
1959 3866 2121 3951 infra
2171 3867 2625 3941 recensendas
2676 3868 2740 3940 h.
2815 3869 2856 3940 l.
2915 3870 3001 3940 Ρ.
3030 3866 3567 3968 flabellg‘formis
3617 3868 3749 3943 ΚΜ
3810 3868 4044 3969 Epicr.
4114 3900 4184 3972 p.
4257 3877 4406 3962 444,
4455 3872 4539 3944 Ρ.

1486 3976 1829 4064 modestus
1898 3986 2120 4062 Kunz!
2172 3985 2408 4087 Epicr.
2460 3987 2502 4058 l.
2573 4014 2631 4060 c.
2685 3988 2774 4059 Ρ.
2826 3989 3190 4061 Menziesii
3240 4000 3309 4063 et
3357 3988 3440 4060 P.
3495 3991 3787 4091 discipes
3839 3986 4135 4077 Berkel.!
4196 3987 4397 4064 Cent.
4452 3986 4537 4064 II.

1458 4139 1554 4197 ,ιι
1615 4115 1766 4197 170,
1814 4111 1900 4182 Ρ.
1951 4105 2216 4207 brachy
2270 4133 2381 4190 us,
2441 4122 2785 4179 ostreatm
2834 4106 3073 4205 aliique
3123 4106 3278 4179 mihi
3327 4106 3506 4181 haud
3554 4111 3715 4182 satis
3770 4111 4055 4208 cogniti,
4108 4136 4145 4181 a
4199 4107 4345 4184 Cel.
4399 4106 4539 4184 Le·

1486 4227 1683 4302 veille
1738 4228 2093 4327 propositi.
2159 4135 2414 4323 hfeque
2463 4224 2550 4295 Ρ.
2599 4223 2982 4324 rlupidium
3037 4218 3247 4298 Berk.
3310 4222 3506 4299 Ceut.
3560 4223 3647 4299 II.
3708 4256 3773 4301 n.
3827 4233 3950 4302 ⁴24
3996 4228 4165 4315 vidi,
4242 4240 4308 4301 at
4384 4253 4540 4302 ana·

1483 4347 1664 4447 logia
1717 4373 1869 4419 cum
1922 4344 2118 4419 Pano
2173 4345 2446 4442 stiptico
2499 4342 2584 4414 ad
2634 4342 2807 4415 hanc
2854 4344 3096 4416 seriem
3144 4342 3345 4416 ducit.

1331 4543 1396 4608 9.
1497 4533 1578 4608 Ρ.
1630 4531 2049 4634 (D1scmns)
2099 4550 2415 4605 mnus.
2520 4524 2716 4603 Nees
2761 4525 2837 4602 in
2891 4526 3058 4602 Act.
3118 4523 3274 4601 Nat.
3334 4528 3498 4601 Cur.
3568 4525 3761 4602 XIII.
3836 4553 3907 4633 p.
3966 4536 4067 4605 46.
4144 4536 4192 4606 t.
4244 4536 4303 4606 4.
4373 4529 4421 4607 f.
4474 4538 4535 4606 Ω.

1482 4651 1725 4752 Epicr.
1785 4675 1856 4750 p.
1905 4656 2048 4723 445.

1582 4804 1668 4878 In
1717 4801 1946 4878 insula
1999 4799 2443 4904 Sambelang
2460 4859 2478 4887 ,
2534 4796 2858 4899 copiose.
2966 4796 3394 4872 Didaeichsm
3448 4825 3515 4872 n.
3568 4807 3664 4874 16.

1586 4947 1847 5050 Stipes,
1898 4963 1971 5024 ut
2022 4952 2087 5023 in
2134 4951 2446 5024 omnibus
2504 4951 2774 5036 vicinis,
2824 4948 2973 5021 basi
3015 4949 3265 5048 peltata
3296 4948 3608 5039 adnatus,
3660 4978 3924 5025 sursum
3978 4977 4419 5052 compressus
4471 4962 4540 5026 et

1483 5066 1796 5142 dilatatus
1917 5066 2154 5143 Pileus
2211 5070 2400 5142 mallo
2442 5070 2635 5141 modo
2670 5060 3129 5168 papyraceus
3172 5080 3245 5141 ut
3291 5070 3359 5142 in
3412 5069 3498 5142 Ρ.
3548 5069 4021 5171 xanthopode,
4059 5097 4098 5144 a
4129 5098 4266 5171 quo
4321 5070 4433 5145 hic
4473 5082 4543 5145 et

1481 5212 1814 5287 sequens,
1869 5189 2128 5287 optime
2179 5198 2494 5262 monente
2546 5185 2811 5283 Jungh.
2861 5186 3022 5260 Jav.
3061 5213 3146 5287 p.
3198 5196 3315 5275 69,
3367 5188 3809 5264 essentialiter
3843 5189 4153 5264 differunt
4189 5190 4374 5290 pileo
4424 5190 4534 5266 fir-

1499 5307 1725 5395 miori,
1763 5308 1944 5382 tenui
1992 5305 2296 5407 quidem,
2347 5304 2474 5381 sed
2518 5308 3239 5394 suberoso-coriaceo‚
3286 5305 3528 5406 rigido.
3655 5367 3663 5375 .
