4984 6517
475 1077 528 1142 h.

478 1860 530 1924 Ξ.

466 3472 522 3536 fi.

466 4976 522 5040 3.

3516 596 3624 705 3¹.

680 814 713 845 ⁰
764 812 959 884 Mar.
1011 810 1500 912 ‚terophyllum
1561 807 1772 884 Berk.
1828 806 2022 909 Mag.
2082 806 2259 883 Hist.
2312 807 2474 884 Nat.
2525 808 2621 884 X.
2675 822 2717 884 t.
2771 814 2853 884 ss
2895 813 3058 909 (sub
3110 808 3357 910 Agar.)
3410 856 3505 869 —
3551 814 3735 914 pileo

678 930 1024 1005 reticulato
1077 957 1336 1029 rugoso
1357 987 1375 1017 ,
1429 932 1653 1029 stipite
1707 929 2039 1015 velutino,
2087 927 2505 1027 lamellisque
2557 931 2841 1003 ramosis
2888 973 2984 986 -
3040 929 3575 1007 distinctissimus
3612 947 3735 1008 est.

662 1066 758 1144 Μ.
832 1066 1098 1168 (Mvc.)
1166 1089 1962 1143 mmroctpmus.
2086 1065 2327 1166 Epicr.
2407 1092 2477 1168 p.
2549 1075 2691 1142 382.
2813 1070 3036 1141 Mont.
3101 1067 3268 1144 Cub.
3319 1087 3366 1144 t.
3415 1078 3510 1147 17.
3535 1075 3623 1171 s.
3670 1083 3731 1147 A.

676 1188 815 1284 Ag.
867 1187 1530 1288 haematocephalus.
1582 1185 1979 1288 Montagne
2029 1184 2104 1259 in
2153 1185 2349 1259 Ann.
2409 1184 2527 1260 Sc.
2588 1184 2742 1260 Nat.
2801 1192 2875 1261 et
2925 1186 3174 1288 Crypt.
3226 1188 3428 1262 Bras,

771 1307 857 1380 ln
907 1303 1334 1408 regionibus
1387 1304 1854 1380 calidioribus
1901 1303 2237 1408 vulgaris

776 1447 848 1519 A
891 1461 1252 1548 sequente,
1332 1475 1487 1521 cum
1559 1474 1698 1548 quo
1780 1447 2073 1523 definitio
2121 1446 2160 1518 l.
2221 1473 2278 1519 c.
2327 1445 2481 1518 data
2536 1448 2733 1519 etiam
2808 1451 3153 1537 convenit,
3207 1448 3425 1522 differt
3479 1462 3730 1524 statura

679 1568 887 1664 duplo
947 1572 1217 1664 majori,
1268 1567 1501 1640 colore
1578 1568 1740 1640 sicci
1823 1579 2351 1665 atropurpureo,
2427 1566 2653 1664 stipite
2705 1567 2854 1640 basi
2909 1566 3174 1639 dilatata
3241 1567 3494 1656 adfixo,
3569 1569 3729 1667 pilei

679 1688 995 1784 (expansi
1035 1696 1075 1760 fi
1111 1688 1213 1760 lin.
1241 1686 1386 1785 lati)
1437 1687 1737 1784 margine
1791 1684 2409 1771 crenato-dentato,
2462 1683 2740 1759 lamellis
2794 1687 3034 1759 eximie
3087 1689 3729 1761 venoso-connexis.

675 1848 767 1924 M.
827 1848 1195 1950 (Mrem.)
1244 1868 1947 1932 RHODOCEPRALUS,
2003 1842 2200 1945 pileo
2254 1842 2825 1919 membranaceo
2892 1867 3235 1919 convexo
3296 1843 3516 1943 plano
3582 1843 3728 1918 sul-

679 1980 835 2040 cato
891 1968 1362 2068 persistenter
1413 1963 1900 2040 roseo-rubro
1923 2021 1941 2051 ,
1999 1961 2323 2064 margine
2375 1962 2695 2067 integre,
2750 1961 2987 2062 stipite
3041 1961 3393 2036 setiformi
3462 1960 3723 2065 glabro

683 2088 907 2160 nitido
980 2084 1462 2186 fuscnpallido
1544 2082 1704 2157 basi
1777 2081 2083 2182 simplici
2158 2079 2480 2170 insititio,
2564 2080 2870 2156 lamellis
2945 2080 3225 2156 adnatis
3300 2081 3727 2183 aequalibus

679 2204 927 2304 paucis
979 2204 1191 2276 valde
1245 2200 1675 2277 distantibus
1718 2195 2026 2300 pallidis.

771 2352 895 2428 Ad
947 2380 1187 2428 ramus
1233 2350 1667 2451 radicesque
1700 2355 2078 2422 emortuos
2114 2347 2208 2422 ad
2250 2345 2608 2437 Mirador,
2669 2347 2877 2452 regui
2923 2346 3314 2423 Mexicani.
3371 2345 3726 2422 Liebman.

775 2484 1111 2560 Pruxifflis
1167 2486 1634 2574 intermedius,
1701 2486 1933 2561 colore
1990 2490 2148 2587 pilei
2227 2491 2763 2589 elegantissimo'
2799 2492 3250 2566 roseo-rubro
3321 2492 3726 2590 persistente

675 2608 835 2696 (nec
887 2604 1299 2704 expallcnte,
1350 2633 1481 2679 nec
1527 2609 1594 2679 in
1651 2609 1850 2682 siccis
1880 2610 2311 2708 obscurato),
2362 2609 2733 2709 praecipue
2786 2610 3130 2698 diversus,
3183 2610 3355 2682 sorte
3406 2609 3731 2682 varietas!

683 2720 915 2820 Stipes
991 2724 1268 2797 uncialis
1314 2723 1354 2796 l.
1417 2752 1655 2825 parum
1735 2727 1936 2817 ultra,
2012 2729 2282 2802 omnino
2365 2738 2554 2800 setae
2627 2727 2842 2800 forma
2908 2742 2977 2803 et
3027 2729 3427 2816 substantia,
3503 2726 3728 2800 susce·

675 2868 911 2924 scens,
959 2840 1083 2912 sed
1139 2844 1390 2916 micore
1449 2859 1771 2943 argenteo
1816 2848 2123 2935 vibrans;
2186 2847 2372 2921 basis
2415 2847 2637 2945 primo
2722 2847 3254 2935 albido-villosa,
3307 2873 3468 2920 mox
3517 2844 3729 2932 nuda,

671 2956 851 3032 haud
911 2960 1191 3032 dilatata.
1296 2960 1530 3037 Pileus
1581 2972 1765 3038 2-23
1815 2966 1922 3038 lin.
1974 2966 2180 3053 latus,
2234 2991 2435 3039 secus
2481 2964 2780 3038 lamellas
2840 2967 3175 3065 profunde
3227 2966 3554 3051 sulcatus,
3609 2989 3729 3037 ce·

679 3092 891 3150 terum
951 3080 1155 3152 laevis
1203 3093 1268 3154 et
1317 3082 1572 3179 glaber.
1676 3081 2022 3159 Lamellae
2072 3086 2264 3159 venis
2310 3083 2490 3155 haud
2546 3110 2927 3172 connexae,
2980 3085 3106 3158 sed
3141 3085 3409 3185 postice
3436 3085 3723 3179 junctae.

675 3192 779 3268 Μ.
835 3196 1417 3296 pyrrhucephalus
1465 3202 1669 3274 Berk.
1721 3204 1893 3276 Dec.
1947 3233 2013 3278 n.
2068 3212 2180 3277 118
2226 3201 2518 3304 mycelio
2587 3203 2744 3276 albo
2792 3216 2863 3277 et
2908 3205 3132 3303 stipite
3183 3203 3406 3301 piloso
3460 3200 3727 3298 longius

675 3316 947 3388 recedit.

663 3460 755 3536 M.
819 3460 1183 3564 (MYCEH.)
1231 3486 1522 3540 smtms.
1629 3463 1845 3541 Berk.
1903 3475 1977 3542 et
2029 3467 2262 3541 Curt!
2335 3464 2410 3540 in
2463 3464 2611 3541 Sill.
2670 3465 2925 3540 Journ.
2983 3470 3148 3541 ⁴850
3202 3463 3404 3539 Mars
3451 3488 3520 3563 p.
3578 3469 3720 3537 ⁴73.

675 3580 811 3676 Ag.
863 3596 1187 3684 tennaffpes.
1238 3581 1533 3658 Leveill.
1587 3583 1662 3659 in
1709 3586 1903 3659 Ann.
1963 3584 2078 3659 Sc.
2135 3583 2290 3660 Nat.
2348 3590 2514 3659 ⁴846
2564 3609 2632 3684 p.
2690 3590 2812 3658 ⁴⁴4
2863 3608 3017 3658 non
3074 3582 3313 3658 obstat
3362 3605 3503 3655 nec
3554 3578 3598 3653 l.
3658 3605 3718 3653 c.

673 3704 836 3772 4314
891 3724 955 3800 p.
1023 3708 1159 3772 wo.

771 3844 895 3920 Ad
947 3844 1240 3944 stipulas
1293 3844 1389 3920 ad
1438 3842 1792 3932 Mirador,
1875 3845 2084 3950 regni
2136 3844 2526 3921 Mexicani.
2588 3845 2945 3920 Liebman.
3030 3841 3129 3918 M.
3188 3843 3723 3919 androsaceum

671 3964 987 4036 maxime
1039 3964 1288 4049 refert,
1345 3962 1540 4064 pileo
1600 3959 1878 4054 albido,
1924 3964 1999 4039 in
2051 3963 2263 4040 siccis
2312 3964 2790 4040 fuscescente.

671 4144 763 4220 M,
823 4144 1191 4244 (Mrem.)
1252 4168 1750 4224 smusmus.
1859 4147 2100 4248 Epicr.
2155 4173 2224 4249 p.
2278 4156 2384 4223 46.
2438 4151 2546 4221 M.
2594 4149 3010 4250 stipulicola.
3118 4144 3389 4221 Cesati!
3440 4190 3533 4204 —
3582 4143 3726 4219 Ra-

671 4260 887 4336 henh.
943 4264 1035 4336 H.
1099 4264 1292 4363 Myc.
1350 4271 1517 4339 ⁴402
1570 4265 2067 4340 exactissime!

783 4404 907 4476 Ad
959 4400 1238 4478 culmus
1288 4401 1620 4503 dejectos
1674 4402 2015 4480 Sacchari
2073 4403 2148 4478 in
2198 4402 2507 4478 Antillis.
2563 4408 2868 4479 Benzon.
2918 4402 3233 4505 Vulgata
3281 4399 3600 4501 species!

675 4540 707 4572 '¹'
759 4540 863 4616 M.
915 4548 1285 4640 graminum
1337 4544 1576 4630 Berk„
1623 4547 1996 4619 secundum
2050 4547 2418 4644 specimina
2462 4572 2502 4617 a
2551 4543 2729 4619 Rev.
2792 4543 3089 4618 Curtisio
3139 4545 3376 4629 missa,
3452 4543 3540 4615 ab
3592 4540 3729 4614 hoc

675 4664 1007 4732 varietatis
1059 4664 1262 4735 instar
1330 4661 1717 4737 discernere
1769 4678 2025 4739 tantum
2099 4664 2315 4737 valeo.
2372 4706 2466 4720 —-
2536 4665 2643 4736 M.
2698 4662 3202 4765 trichophorus.
3290 4661 3507 4762 Zipp.
3562 4660 3726 4759 (sub

683 4780 923 4880 Agar.)
979 4780 1195 4856 differt
1243 4782 1425 4881 pileo
1475 4795 1726 4856 setoso.

659 4964 759 5040 M.
815 4964 927 5064 (M
939 4972 1183 5064 πει-ιη.)
1237 4989 1745 5054 cumanum,
1798 4965 1994 5068 pileo
2047 4968 2446 5045 tenerrimo
2501 4969 3068 5046 membranaceo
3122 4995 3167 5045 e
3221 4968 3724 5071 campanulato

676 5108 1019 5156 convexo
1071 5083 1631 5187 umbilicatoque
1698 5110 1862 5160 rare
1934 5096 2007 5162 et
2082 5087 2448 5188 profunde
2531 5087 3044 5190 pauciplicato,
3130 5087 3411 5178 albido,
3491 5087 3728 5189 stipite

675 5200 1071 5304 gracillima
1123 5199 1380 5304 glabro
1441 5201 1932 5307 fusco-nigro,
1988 5203 2294 5284 bulbillo
2349 5205 2667 5311 gleboso
2730 5205 3017 5294 innato,
3093 5203 3399 5284 lamellis
3474 5205 3728 5307 paucis

683 5318 1107 5420 aequalibus
1159 5317 1422 5395 liberis.
