4984 6517
3404 576 3508 664 61

582 799 761 874 Sunt
810 825 1059 899 nempe
1102 798 1484 899 praelongi,
1532 798 1790 895 magni,
1840 795 2020 867 nullo
2077 792 2284 866 modo
2331 793 2656 880 tubulosi,
2720 791 2844 866 sed
2910 791 3384 892 dissepimenta
3435 793 3617 892 pileo

584 920 1009 1018 homogenea
1060 920 1572 993 membranacea
1623 915 1872 1003 mollia,
1928 926 2001 986 ut
2048 914 2114 985 in
2169 923 2519 1010 segmento
2572 913 2999 984 transversim
3041 914 3328 1011 crispata
3353 910 3616 1010 pallida.

581 1035 771 1112 Suae
825 1040 1086 1137 stirpis,
1135 1039 1261 1110 nisi
1315 1037 1618 1135 generis!
1672 1036 1958 1133 species.

1076 1214 1274 1290 Trib.
1333 1217 1419 1307 Q.
1527 1214 2110 1288 PLEUROPODES.
2215 1208 2453 1308 Epicr.
2515 1207 2654 1282 Cfr.
2712 1227 2928 1283 antec.

407 1367 487 1433 33.
583 1357 665 1432 Ρ.
723 1357 1052 1458 (FoMEs)
1109 1379 1450 1432 memus.
1557 1355 1795 1454 Epicr.
1850 1379 1917 1453 p.
1982 1360 2122 1426 442.
2233 1351 2483 1451 Stipite
2537 1351 2863 1426 centrali!

682 1497 766 1569 ln
815 1494 1047 1569 insula
1100 1495 1246 1568 San
1295 1495 1466 1579 Jan,
1520 1490 1770 1565 Indiae
1822 1488 2307 1563 occidentalis.
2373 1477 2638 1564 (fr-stad.

688 1651 994 1750 Ambigit
1049 1653 1394 1750 specimen
1457 1675 1781 1749 praesens
1843 1649 2012 1718 inter
2079 1647 2164 1718 P.
2214 1646 2519 1717 lucidum
2577 1658 2646 1717 et
2717 1643 3042 1730 Curtisii,
3123 1643 3247 1718 sed
3320 1644 3499 1741 pileo
3553 1654 3621 1716 et

586 1773 811 1870 stipite
863 1770 1132 1841 laccatis
1187 1768 1572 1840 fusco-atris
1622 1766 1708 1838 ad
1760 1766 1939 1837 illum
1991 1763 2432 1837 referendum.

405 1945 486 2010 34.
536 1937 616 2009 P.
674 1936 1007 2037 (Fomsss)
1066 1935 1427 2010 Con-usn.
1483 1931 1737 2006 Berk.!
1798 1930 1986 2005 Ceut.
2036 1930 2176 2001 III.
2229 1957 2294 2001 n.
2346 1934 2490 2002 215.

686 2079 768 2152 In
818 2076 1114 2152 Mexico
1166 2075 1260 2149 ad
1312 2074 1659 2173 Xalappa.

692 2215 1059 2316 Specimen
1109 2244 1422 2315 parvum,
1475 2217 1654 2315 pileo
1712 2215 1991 2300 luteolo,
2040 2214 2260 2312 stipite
2319 2212 2586 2285 laterali.
2694 2207 3137 2282 Praecedenti
3186 2209 3377 2280 nimis
3409 2206 3617 2278 affinis

590 2352 663 2408 et
715 2364 859 2408 eutr·
896 2347 1224 2436 jepta-nico
1279 2336 1417 2409 sere
1479 2335 1837 2418 collidens3
1913 2332 2036 2406 sed
2089 2358 2274 2430 spec.
2347 2343 2592 2431 ectypa
2666 2325 3031 2427 Berkeleyi
3098 2327 3615 2425 speciosissima.

582 2452 807 2534 Quam
863 2456 1175 2552 plurimas
1226 2455 1476 2527 formas
1532 2456 1706 2526 misit
1754 2450 2010 2537 (λιι-ᾖε,
2078 2453 2247 2522 inter
2317 2476 2484 2547 quas
2550 2473 2680 2518 una
2732 2445 2909 2544 pileo
2977 2445 3243 2517 exoleto
3300 2443 3610 2516 dealbato

586 2576 1015 2648 sabaei-icco:
1071 2572 1192 2645 hac
1256 2572 1601 2671 morphosi
1655 2573 1739 2643 ab
1798 2571 1975 2641 omni
2033 2567 2116 2640 P.
2169 2567 2393 2639 lucido
2452 2565 2629 2636 clare
2684 2562 2917 2636 differt.

402 2772 486 2832 35„
590 2764 667 2832 P.
735 2764 1067 2864 (Fam-25)
1117 2786 1449 2849 NUTANS,
1502 2762 1694 2862 pileo
1750 2762 2225 2865 (perexiguo)
2282 2762 2645 2837 suberoso
2703 2763 2900 2836 tenui
2943 2760 3361 2863 ‘orbiculari
3436 2789 3612 2837 con-

586 2904 783 2952 vexo
843 2880 1144 2980 abrupte
1200 2883 1661 2955 concentrice
1714 2882 1990 2955 sulcato
2047 2889 2118 2955 et
2165 2905 2208 2954 a
2256 2880 2526 2979 stipite,
2579 2879 2830 2954 vertici
2882 2879 3049 2979 pilei
3121 2880 3414 2967 adnato,
3498 2907 3613 2955 ra·

586 2996 1090 3092 diam-rugoso
1122 3023 1165 3072 e
1195 2998 1461 3097 pallido
1488 2997 1994 3100 badio-nigro,
2049 2998 2283 3098 stipite
2335 3023 2651 3098 procero
2688 2998 2937 3100 gracili
2983 2998 3608 3073 crustato-laccato

582 3116 791 3212 apice
847 3142 1186 3202 recurvo,
1240 3115 1438 3215 poris
1490 3115 1926 3220 longissimis
1976 3116 2265 3190 minutis
2324 3116 2654 3191 rotundis
2700 3144 2743 3190 e
2799 3116 3067 3216 pallido
3120 3115 3486 3191 brunneiS.

691 3268 808 3340 Ad
859 3272 1001 3344 San
1059 3271 1244 3343 Joce
1295 3269 1368 3343 in
1429 3271 1648 3344 Costa
1696 3271 1891 3344 Rica.
2006 3259 2272 3345 Urs-ted.

687 3428 1039 3524 Singulare
1091 3442 1362 3502 naturae
1420 3431 1791 3515 artificium,
1852 3457 1890 3503 e
1943 3432 2149 3528 stirpe
2202 3431 2287 3501 P.
2341 3426 2809 3501 amboinensis.
2928 3427 3162 3529 Stipes
3216 3431 3610 3529 spithamam

586 3574 803 3644 usque
853 3548 1125 3644 longus,
1175 3548 1300 3621 sed
1347 3556 1529 3621 2—3
1589 3550 1695 3621 lin.
1740 3561 1988 3621 tantum
2041 3575 2344 3633 crassuS,
2398 3549 2543 3620 basi
2600 3550 2917 3622 tuberosa
2967 3562 3250 3648 excepta
3283 3549 3610 3647 aequalis,

587 3664 711 3736 sed
767 3668 1102 3738 flexuosus
1131 3679 1199 3738 et
1223 3678 1472 3752 tortus,
1527 3669 1716 3765 quasi
1764 3667 2106 3752 volubilis,
2161 3679 2227 3737 at
2280 3669 2550 3738 omnino
2606 3668 2924 3766 simplex,
2970 3669 3235 3767 glaber,
3284 3680 3610 3740 crustato-

594 3784 911 3868 laceatus‚
967 3786 1180 3880 junior
1238 3786 1528 3883 pallens,
1581 3797 1883 3857 vetustus
1938 3787 2525 3858 castaneo-nitens.
2651 3784 2859 3884 Apex
2912 3788 3151 3883 stipitis
3219 3798 3608 3858 recurvatur

590 3916 655 3972 et
683 3904 743 3972 in
775 3908 1090 3976 ven-licem
1145 3905 1593 3979 excentricum
1647 3904 1802 4002 pilei
1849 3903 2188 4002 pendulini
2219 3907 2668 3989 continuatum
2721 3906 2936 4004 pileus
2959 3907 3155 4002 igitur
3199 3917 3304 3977 est
3333 3907 3610 4002 integer,

590 4048 907 4120 supsjwne.
963 4050 1087 4096 nec
1126 4023 1412 4108 inferne,
1466 4024 1814 4120 stipitatus,
1933 4020 2166 4095 Pileus
2229 4048 2356 4120 pro
2417 4025 2672 4096 ratione
2725 4025 3060 4107 minimus,
3113 4023 3383 4120 glaber,
3435 4027 3469 4121 {-
3516 4066 3609 4078 -—

594 4144 696 4212 vix
755 4148 775 4208 1
843 4168 987 4212 nnc.
1047 4140 1243 4228 latus,
1288 4140 1518 4212 habitu
1569 4142 1815 4239 Hydni
1866 4142 2337 4240 Auriscalpii,
2389 4142 2812 4226 orbiculariS,
2867 4145 2933 4214 in
2987 4141 3174 4214 disco
3230 4142 3608 4239 planiuscu-

594 4260 723 4344 lus,
783 4260 899 4328 sed
959 4260 1039 4328 ml
1089 4259 1291 4331 latera
1338 4262 1607 4331 omnino
1665 4260 2270 4358 perpendicularis,
2343 4259 2499 4332 hinc
2562 4286 2793 4357 margo
2868 4272 3225 4333 truncatus.
3328 4258 3611 4359 Duplex

590 4376 775 4448 adest
835 4380 1067 4458 [lirum.
1120 4378 1320 4450 altera
1372 4379 1589 4474 junior
1639 4378 1819 4476 pileo
1869 4377 2228 4477 pallidiori,
2301 4379 2479 4450 circa
2530 4380 2894 4477 marginem
2949 4379 3258 4452 obsolete
3315 4405 3607 4452 concen-

598 4496 751 4564 lrice
807 4496 1086 4580 sulcato,
1139 4498 1376 4568 subtus
1438 4521 1743 4567 concavo
1812 4497 2372 4582 cochlearisormi3
2451 4497 2654 4569 altera
2714 4509 2973 4569 vetusta
3028 4497 3208 4596 pileo
3266 4524 3304 4568 a
3358 4498 3607 4571 vertice

602 4616 979 4708 (insertione
1031 4616 1294 4713 stipitis)
1347 4613 1911 4713 radioso-rugoso
1968 4614 2431 4712 badio-nigro,
2485 4616 2723 4687 subtus
2780 4642 2818 4688 e
2871 4617 3057 4715 poris
3095 4616 3378 4686 maxime
3420 4614 3607 4688 elon-

602 4732 763 4824 gatis
811 4732 1023 4828 plano.
1125 4729 1435 4831 Utraque
1493 4731 1704 4803 sorma
1759 4744 2005 4805 statura
2060 4746 2128 4806 et
2171 4732 2622 4831 magnitudine
2673 4760 2955 4830 prorsus
3007 4736 3343 4831 congruit3
3393 4734 3610 4832 pileus

594 4876 635 4916 e
679 4856 1055 4924 success-irs:
1106 4855 1518 4926 incremento
1569 4877 1704 4923 non
1758 4851 2092 4938 dilatatur,
2145 4851 2269 4923 sed
2319 4853 2506 4949 poris
2559 4851 2886 4949 elongatis
2941 4853 3229 4923 crassior
3279 4851 3379 4937 fit,
3429 4850 3611 4924 unde

602 4996 819 5064 margo
891 4971 1452 5068 I‘ffirpendicularis
1508 4981 1635 5042 etc.
1740 4968 2130 5044 Substantia
2198 4971 2473 5067 propria
2540 4970 2924 5040 tenuissima
2990 4981 3094 5042 est
3156 4982 3225 5041 et
3284 4969 3612 5057 floccosa,

602 5084 751 5156 dura
803 5100 1043 5160 tamen:
1104 5091 1321 5189 primo
1372 5087 1627 5174 albida,
1671 5087 1823 5160 dein
1876 5087 2123 5185 pallide
2176 5088 2581 5185 ferrugineaz
2634 5087 2851 5184 pileus
2903 5098 3205 5159 vetustus
3255 5100 3431 5160 totus
3466 5088 3606 5161 sere
3691 5145 3698 5154 .

598 5232 639 5272 e
691 5208 863 5300 poris
915 5208 1230 5307 elongatis
1280 5209 1603 5282 formatus
1649 5217 1771 5279 est.
1875 5204 2042 5278 Pori
2095 5209 2351 5293 minuti,
2412 5204 2711 5292 rotundi,
2777 5206 3031 5292 obtusi,
3099 5207 3315 5302 primo
3399 5206 3608 5278 clausi

602 5320 827 5408 albidi,
871 5328 1015 5400 dein·
1071 5331 1274 5428 aperti
1325 5327 1637 5412 brunnei,
1703 5326 1878 5397 intus
1947 5324 2324 5423 ferruginei.
2439 5323 2699 5423 Magna
2751 5324 2943 5396 adest
2988 5321 3262 5395 affinitas
3312 5349 3466 5394 cum
3522 5324 3608 5395 P.
