4984 6517
1274 3543 1333 3611 5.

1274 4804 1344 4873 6.

1389 569 1504 655 96

1482 808 1679 860 mem
1730 781 2368 885 peltato-adnatam
2418 800 2795 888 porrect0,
2847 800 3197 871 contextu
3248 791 3450 881 albo,
3517 793 3736 897 poris}
3786 794 4217 901 subexiguis
4291 825 4505 897 angu-

1480 902 2065 979 lato-rotundatis
2108 903 2534 1008 aequalibus
2580 907 2859 987 obtusis
2883 909 3173 1015 glabris.
3233 915 3561 1016 Polyper.
3590 917 4133 993 Marchionicus.
4185 916 4506 996 LeveilL!

1477 1021 1551 1097 in
1596 1022 1791 1097 Ann.
1858 1021 1974 1096 Sc.
2034 1021 2190 1098 Nat.
2250 1031 2432 1100 4845.

1585 1139 1669 1215 In
1715 1137 1966 1214 insulis
2017 1140 2234 1215 maris
2285 1138 2601 1243 pacifici;
2652 1142 2729 1220 in
2772 1143 2904 1223 ins.
2964 1145 3444 1227 Mascarenis!

1578 1282 2161 1361 Praecedentibus
2211 1287 2408 1362 valde
2460 1288 2703 1380 affinis,
2777 1299 3147 1396 conspicue
3226 1309 3447 1371 tamen
3518 1298 3866 1374 distinctus
3917 1300 4067 1374 basi
4119 1299 4509 1400 stipitiformi

1478 1404 1785 1478 distincta
1835 1407 2162 1491 verticali,
2207 1406 2389 1505 pileo
2440 1413 2810 1512 praecipue
2861 1418 3229 1514 marginem
3279 1443 3521 1492 versus
3572 1419 3866 1505 sulcato,
3932 1419 4122 1518 poris
4170 1418 4353 1493 haud
4397 1419 4510 1495 de-

1475 1523 1897 1598 currentibus
1948 1535 2016 1597 et
2065 1525 2271 1597 multo
2315 1528 2720 1617 minoribus,
2766 1531 2951 1606 nudo
3007 1533 3206 1607 oculo
3252 1546 3474 1610 tamen
3522 1538 3930 1637 conspicuis.
4033 1533 4261 1635 Hujus
4308 1539 4511 1614 tribus

1474 1668 1686 1742 porro
1739 1653 1925 1716 sunt:

1399 1782 1432 1815 ⁴⁵
1485 1781 1571 1857 T.
1627 1781 2132 1858 Ssomsus.
2187 1777 2453 1856 Mont.!
2510 1779 2692 1856 Cub.
2740 1805 2809 1882 p.
2862 1789 3004 1857 409.
3057 1791 3103 1857 t.
3160 1789 3260 1860 46.
3310 1783 3358 1859 f.
3411 1792 3469 1860 4.
3525 1782 3664 1861 sub
3715 1785 4120 1888 Polyporo.

1396 1925 1429 1958 ²⁶
1482 1923 1568 1996 Τ.
1625 1944 2172 1999 otuuscsns.
2225 1921 2480 1997 Berk.!
2533 1921 2609 1997 in
2662 1922 2859 1999 Ann.
2914 1924 3097 2000 Hist.
3147 1925 3266 2001 III.
3330 1952 3400 2028 p.
3453 1935 3595 2003 394.
3654 1928 3793 2005 sub
3845 1929 4110 2032 Polyp.

1574 2061 1771 2138 Haec
1855 2066 2126 2164 species
2200 2092 2237 2137 a
2315 2066 2589 2165 reliquis
2667 2065 2925 2140 recedit
3000 2068 3182 2166 pileo
3258 2075 3524 2170 postice
3571 2074 3638 2147 in
3690 2077 3983 2174 stipitem
4040 2076 4512 2153 horizontalem

1470 2210 1875 2284 quamquam
1941 2185 2436 2271 brevissimum,
2513 2210 2643 2258 nec
2718 2185 3391 2277 scutato-dilatatum,
3444 2203 3766 2290 porrecto
3858 2196 4184 2295 porisque
4260 2201 4513 2299 exiguis

1475 2303 1618 2378 fere
1692 2302 1773 2374 T.
1825 2303 2122 2376 comtuli.
2239 2297 2595 2376 Structura
2667 2302 3012 2379 manifeste
3082 2303 3442 2382 Trametis.
3569 2307 3806 2385 Pileus
3871 2312 4514 2392 alutaceo-helvolus

1481 2422 1924 2508 flocculosus,
1974 2420 2210 2495 leviter
2261 2423 2690 2496 concentrice
2740 2422 3054 2498 sulcatus.

1396 2565 1430 2597 ⁹
1482 2563 1568 2637 Τ.
1625 2583 1947 2638 ATYPUS.
2004 2558 2336 2636 Leveill.!
2387 2559 2584 2635 Anu.
2640 2561 2758 2637 Sc.
2813 2558 2966 2636 Nat.
3028 2565 3211 2637 4844.
3259 2560 3348 2636 11.
3396 2586 3466 2662 p.
3524 2567 3667 2637 484.

1578 2707 1761 2784 Inter
1808 2713 2076 2811 priores
2125 2721 2195 2783 et
2255 2708 2338 2782 T.
2386 2709 2756 2782 comtulam
2809 2709 3001 2809 quasi
3054 2707 3351 2797 medius,
3402 2707 3584 2784 haud
3634 2710 3942 2785 distincte
3969 2706 4338 2807 stipitatus,
4389 2738 4513 2811 po·

1477 2831 1643 2903 stice
1698 2840 1918 2902 tamen
1968 2839 2330 2927 porrectus
2383 2838 2453 2901 et
2501 2838 2912 2927 angustatus.
3040 2822 3279 2900 Pileus
3353 2830 3657 2928 priorum
3722 2831 4024 2915 tenuior,
4102 2828 4512 2929 applanatus.

1477 2944 1647 3020 Pori
1700 2946 2089 3046 subexigui‚
2140 2945 2267 3021 sed
2315 2958 2636 3020 contextu
2684 2944 3046 3045 longiores.

2472 3128 2704 3232 Stirps
2757 3130 2841 3205 B.
2947 3128 3311 3205 stsmzs.

1466 3274 1500 3309 ⁴
1562 3271 1908 3350 Conteoetu
1957 3270 2143 3360 albo,
2193 3297 2262 3347 n.
2318 3279 2602 3349 46-49,
2658 3276 2909 3376 Epicr.
2974 3317 3071 3331 —
3148 3272 3242 3350 H.
3296 3270 3341 3348 l.
3399 3273 3646 3376 Polyp.
3696 3270 3938 3378 (Tr.)
3991 3268 4235 3347 obtusa
4294 3271 4508 3349 Berk.

1474 3390 1672 3466 Anu.
1721 3390 1904 3465 Hist.
1960 3389 2114 3465 Nat.
2169 3390 2289 3465 111.
2339 3416 2409 3492 p.
2464 3400 2589 3467 390
2643 3399 2780 3467 etc.

1464 3536 1550 3609 T.
1603 3558 1940 3621 [serus.
2019 3533 2214 3635 pileo
2291 3533 2655 3611 suberoso
2725 3532 3094 3636 pulvinato
3174 3533 3361 3610 duro
3441 3531 3630 3610 laevi
3704 3558 3945 3609 azono
4026 3560 4071 3609 e
4151 3535 4518 3613 floccoso·

1363 3748 1368 3763 Ι
1476 3651 1804 3756 glabrato
1856 3651 2124 3739 lacteo,
2179 3658 2532 3728 contextu
2576 3652 2828 3740 niveo,
2879 3651 3084 3755 poris
3129 3651 3460 3728 rotundis
3510 3650 3959 3753 aequalibus·
3984 3652 4264 3731 obtusis
4311 3655 4514 3732 albis.

1573 3796 1703 3873 Ad
1751 3804 2051 3872 truncos
2098 3796 2175 3872 in
2227 3796 2577 3873 America
2624 3796 2927 3873 boreali.
3026 3797 3094 3873 E
3151 3795 3488 3872 Carolina
3534 3796 3724 3873 misit
3777 3798 4041 3875 Carus.

1578 3940 2040 4015 Pulcherrima
2093 3944 2397 4041 species,
2457 3942 2539 4014 T.
2585 3938 2905 4038 gibbosae
2952 3942 3294 4041 proxima,
3344 3940 3469 4015 sed
3521 3941 3889 4015 substantia
3957 3940 4220 4029 durior,
4297 3942 4516 4041 persi-

1476 4073 1659 4135 stens
1707 4058 1895 4164 (Tr.
1945 4056 2232 4155 gibbosa
2309 4059 2531 4135 hieme
2583 4063 2965 4155 emoritur),
3046 4059 3237 4132 color
3293 4059 3529 4133 laetior
3613 4062 3884 4132 omnino
3959 4058 4152 4133 albus
4229 4070 4297 4133 et
4368 4061 4519 4160 pori

1474 4207 1711 4255 omnes
1762 4178 2062 4265 rotundi,
2106 4179 2471 4278 regulares.
2573 4176 2808 4252 Pileus
2851 4178 3004 4251 basi
3074 4177 3203 4251 lata
3280 4179 3669 4279 simpliciter
3739 4177 4024 4264 sessilis,
4110 4178 4517 4264 suberosus‚

1474 4297 1715 4386 durus,
1763 4295 2171 4384 renisormis,
2219 4301 2402 4369 3-4
2450 4321 2603 4369 unc.
2655 4297 2863 4384 latus,
2914 4296 3156 4384 laevis,
3216 4322 3500 4384 nonus,
3554 4323 3848 4398 opacus,
3896 4299 4196 4395 margine
4242 4307 4516 4396 patente

1476 4418 1767 4516 regulari
1819 4417 2088 4490 obtuso.
2190 4412 2359 4487 Pori
2403 4416 2675 4486 omnino
2729 4416 3032 4512 generis,
3085 4416 3342 4503 obtusi,
3396 4416 3635 4490 lineam
3693 4427 3943 4488 tantum
3993 4413 4339 4515 profundi,
4378 4416 4517 4514 pri-

1474 4538 1675 4609 mitus
1725 4534 2227 4635 punctisormes.
2331 4528 2535 4605 Odor
2582 4531 2820 4605 nullus.
2923 4533 3148 4606 Daed
3192 4528 3625 4629 glaberrima
3688 4529 3899 4608 Berk.
3950 4533 4189 4607 eadem
4239 4559 4327 4607 ex
4378 4544 4517 4606 tota

1475 4654 1646 4729 facie
1699 4653 2007 4751 species,
2053 4651 2181 4727 sed
2229 4663 2460 4725 nostra
2503 4648 2686 4723 haud
2733 4646 3133 4748 glaberrima
3183 4663 3253 4725 et
3301 4652 3454 4751 pori
3504 4650 3683 4724 nullo
3736 4650 3944 4725 modo
3996 4648 4414 4726 Daedaleae.

1454 4798 1540 4884 T,
1588 4818 1968 4872 sumens.
2073 4797 2438 4870 Daedalea
2486 4792 2819 4892 ambigua
2872 4793 3129 4869 Berk.!
3180 4791 3364 4867 Dec.
3415 4816 3483 4868 n.
3537 4800 3640 4870 83.

1573 4937 1659 5011 In
1708 4933 2015 5012 Antillis.
2072 4935 2580 5037 Guadeloupe.
2635 4937 2716 5010 F
2707 4950 3058 5010 ors-strom.

1574 5072 1773 5150 Pileo
1856 5079 2153 5179 gibboso
2240 5078 2606 5179 habituque
2680 5077 2961 5177 proprio
3042 5073 3235 5149 facile
3310 5069 3635 5148 distincta.
3772 5069 4151 5146 Contextus
4227 5081 4299 5146 et
4365 5068 4517 5171 pori

1477 5198 1853 5298 regulares,
1927 5198 2182 5286 obtusi,
2259 5198 2499 5295 integri
2571 5222 2701 5269 nec
2777 5194 3032 5269 sinuosi
3104 5192 3191 5266 ad
3254 5189 3391 5267 hoc
3439 5194 3725 5266 maxime
3766 5192 4064 5266 naturale
4114 5215 4333 5291 genus
4382 5199 4515 5261 tra-

1477 5319 1654 5392 hunt
