4984 6517
3406 611 3525 697 85

587 848 828 926 presse
879 823 1313 922 strigulusus)
1358 821 1630 897 demum
1689 823 2130 923 glabresceus
2181 836 2254 900 et
2307 823 2598 902 subinde
2664 825 2871 900 sulcis
2942 828 3193 928 spuriis
3266 828 3435 903 raris
3504 855 3632 903 no·

582 956 784 1030 tanis,
838 969 1200 1043 numquam
1268 967 1431 1016 vere
1496 953 1811 1031 zonatus,
1890 941 2016 1017 sed
2094 945 2431 1032 unicolor,
2490 943 2755 1017 albidus
2808 944 2852 1017 l.
2904 945 3266 1020 alutaceus.
3368 944 3629 1048 Margo

584 1063 983 1135 incurvatur.
1091 1059 1471 1135 Contextus
1518 1060 1883 1135 fibrillosus
1935 1063 2190 1159 (junior
2241 1064 2656 1162 spongiosus
2673 1064 2770 1164 ἲ),
2822 1063 3036 1137 albus.
3135 1062 3307 1138 Pori
3358 1066 3632 1171 confer·

583 1183 659 1269 ti,
706 1181 932 1280 primo
984 1179 1366 1255 soveolares
1440 1181 1655 1280 aperti
1720 1181 2101 1278 majusculi,
2147 1207 2307 1254 mox
2355 1178 2555 1254 valde
2610 1182 3033 1282 inaequales,
3083 1160 3447 1258 laminoso-
3448 1184 3634 1260 lace·

577 1300 665 1387 ri,
714 1297 1129 1436 demumque
1189 1302 1257 1374 in
1309 1299 1548 1374 dentes
1621 1299 1893 1370 omnino
1959 1299 2178 1372 soluti.
2278 1296 2564 1399 Duplici
2617 1300 2844 1400 quoad
2885 1328 3099 1401 poros
3150 1306 3443 1378 occurrit
3489 1303 3631 1378 for·

580 1445 718 1505 ma3
782 1419 850 1492 in
927 1420 1238 1519 primaria
1308 1420 1606 1493 siccitate
1674 1417 1947 1490 melino·
1958 1416 2402 1504 latescentem
2473 1419 2744 1495 alterius
2815 1419 3300 1495 fuscescentes.
3400 1420 3630 1522 Hujus

579 1535 797 1609 forma
844 1535 1159 1612 dentibus
1208 1535 1524 1625 rudibus,
1578 1536 1718 1610 sere
1804 1516 2079 1636 Irpicis,
2130 1535 2268 1609 vidi
2339 1539 2407 1610 in
2476 1535 2665 1612 Mus.
2711 1536 2924 1614 Berk.
2980 1583 3076 1596 —
3131 1541 3217 1613 Ρ.
3270 1541 3632 1614 indecorus

580 1651 831 1754 Jungh.
876 1650 1027 1728 Jav.
1079 1683 1147 1756 p.
1199 1660 1270 1728 6¹
1338 1655 1708 1729 substantia
1757 1656 2132 1730 suberoso·
2135 1652 2298 1727 dura
2362 1653 2618 1745 differt,
2691 1659 2781 1731 P.
2827 1657 3188 1733 venulosus
3232 1658 3273 1732 l.
3315 1686 3374 1733 c.
3425 1687 3495 1760 p.
3547 1665 3633 1733 57

581 1774 858 1992 iPnsuper
901 1773 1084 1874 pileo
1135 1775 1465 1873 strigoso-
1468 1775 1820 1848 venuloso.

420 1924 499 1992 35.
589 1915 1149 2014 P.(S·rm²oso·
1117 1916 1510 2019 Come.)
1563 1936 2106 1993 Panomnus.
2211 1914 2454 2017 Epicr.
2501 1940 2572 2017 p.
2624 1922 2765 1994 480.
2844 1920 2933 1992 P.
2981 1918 3354 1993 laceratus.
3408 1919 3628 1994 Curt!

583 2033 659 2110 in
710 2033 856 2109 Sill.
909 2035 1164 2109 Journ.

676 2176 989 2253 Videtur
1057 2202 1195 2279 per
1255 2175 1680 2254 Americam
1755 2176 2136 2254 borealem
2185 2176 2677 2281 vulgatissima
2741 2178 3028 2281 species
3044 2238 3065 2267 ,
3120 2178 3447 2282 undique
3499 2202 3631 2257 co-
3700 2244 3705 2249 .

583 2294 999 2397 piosissime
1048 2303 1376 2397 recepta3
1451 2296 1525 2372 in
1605 2295 1904 2373 Mexico
1954 2295 2050 2372 ad
2100 2295 2459 2387 Mirador‚
2540 2296 2909 2375 Chinantla
2923 2356 2943 2388 ,
3012 2296 3367 2386 Orizaba,
3424 2296 3629 2374 Hua·

580 2421 783 2490 tasco
836 2422 971 2490 etc.
1030 2412 1345 2490 abunde.
1453 2415 1813 2491 Liebmn.

682 2560 918 2662 Vulgo
963 2564 1031 2636 in
1081 2562 1594 2637 collectionibus
1646 2590 1802 2639 cum
1858 2562 2314 2665 praecedente
2365 2565 2611 2639 mixtus
2628 2620 2648 2653 ,
2702 2577 2770 2638 at
2819 2566 2999 2643 clare
3048 2567 3390 2655 diversus3
3440 2566 3625 2667 pileo

584 2685 901 2757 coriaceo
949 2683 1265 2768 tenuiori,
1320 2682 1515 2755 latius
1588 2708 1892 2782 expanso
1908 2738 1927 2769 ,
1979 2680 2192 2757 dense
2271 2685 2700 2758 concentrice
2778 2686 3037 2759 sulcato
3092 2688 3468 2761 subzonato
3521 2690 3630 2786 (ut

581 2801 873 2874 strictius
926 2799 1118 2874 facile
1170 2799 1259 2873 ad
1312 2797 1687 2875 Coriaceos
1749 2800 2140 2901 referatur),
2186 2802 2372 2875 sicco
2425 2800 2789 2876 admodum
2868 2805 3086 2905 rigido
3147 2834 3626 2908 pat-gameno,

574 2920 762 3019 poris
819 2918 1027 2992 multo
1081 2921 1451 2994 minoribus
1496 2932 1567 2994 et
1613 2921 1681 2993 in
1735 2919 1975 2994 dentes
2028 2922 2458 2995 tenuissimos
2514 2921 2840 2997 laceratis.
2938 2921 3052 2999 Re
3101 2926 3255 3025 ipsa
3303 2927 3391 2998 Ρ.
3444 2927 3629 2999 elon·

580 3053 754 3135 gato
813 3035 1071 3110 affinior
1120 3048 1266 3126 est,
1336 3040 1452 3138 qui
1501 3064 1666 3113 vero
1744 3038 1893 3111 basi
1954 3038 2023 3110 in
2085 3039 2380 3139 stipitem
2452 3040 2962 3116 subattenuatus
3012 3044 3337 3145 pileoque
3388 3072 3429 3118 a
3476 3045 3628 3119 basi

572 3157 777 3256 vulgo
814 3155 1111 3230 radiante
1155 3183 1450 3256 rugosus
1469 3214 1488 3245 ,
1515 3183 1645 3232 nec
1671 3158 2267 3232 sulcato-sonatum
2340 3155 2662 3234 Ceterum
2685 3161 2773 3232 P.
2787 3188 3276 3263 purg-amenus
3301 3162 3476 3238 adeo
3507 3189 3628 3236 va-

576 3277 731 3362 riat,
782 3287 857 3347 ut
918 3278 1136 3375 primo
1217 3277 1458 3348 obtutu
1505 3275 1738 3376 plures
1815 3275 2134 3350 confusas
2203 3277 2417 3377 fingas
2490 3281 2781 3378 species.
2900 3279 3102 3370 Pori,
3171 3284 3268 3355 nti
3342 3283 3626 3383 prioris,

581 3394 789 3493 vulgo
863 3394 1588 3483 melino-lutescentes,
1661 3393 1789 3468 sed
1859 3396 2059 3468 etiam
2137 3395 2618 3471 luscescentes.
2730 3395 2932 3473 Cart.
2992 3408 3120 3476 869
3194 3403 3364 3475 inter
3444 3399 3628 3474 hunc

574 3525 646 3588 et
700 3511 1085 3612 elongatum
1149 3512 1437 3587 mediam
1515 3514 1685 3587 sistit
1759 3515 2105 3588 rationem.
2219 3511 2478 3589 Forma
2560 3519 2814 3616 optime
2882 3517 3217 3618 explicata
3273 3519 3521 3592 obvata
3581 3517 3625 3592 l.

574 3630 952 3706 renisormis
1018 3634 1408 3733 simpliciter
1455 3632 1744 3719 sessilis3
1822 3642 1888 3705 at
1959 3632 2125 3708 aliae
2176 3632 2718 3711 effuso-reflexae
2792 3631 3019 3734 (Curt.
3087 3664 3152 3710 n.
3211 3641 3410 3726 ⁴447,
3469 3640 3629 3737 ⁴⁴9)

572 3760 642 3824 et
689 3776 819 3850 per
871 3749 997 3824 has
1044 3753 1219 3825 serie
1267 3748 1588 3850 contigua
1643 3752 1784 3825 abit
1832 3753 1900 3825 in
1955 3753 2042 3825 P.
2096 3752 2543 3827 chartaceum
2594 3751 2824 3828 Berk!
2874 3767 2946 3830 et
2988 3753 3195 3829 Curt!
3245 3757 3360 3856 qui
3410 3755 3627 3829 forma

572 3870 864 3956 tenuior,
924 3870 1267 3958 ramealis,
1340 3871 1470 3943 late
1538 3896 1872 3969 expansa,
1920 3872 2221 3969 margine
2274 3873 2666 3945 tenuissimo
2750 3872 2986 3948 leviter
3059 3874 3337 3948 reflexo.
3441 3871 3626 3950 Inter

572 3987 958 4061 innumeros
1027 3986 1215 4061 lusus
1261 3987 1564 4087 (dimidia
1615 3990 2058 4088 speciminum
2107 3986 2443 4091 Polypori
2514 4019 2675 4092 pars
2721 3993 2790 4065 in
2844 3989 3019 4066 Coll.
3065 3988 3465 4067 Liebmanni
3536 3991 3627 4066 ad

563 4101 737 4178 hanc
785 4107 1086 4205 speciem
1156 4109 1496 4208 spectant)
1540 4108 1828 4182 maxime
1877 4110 2191 4208 insignis,
2242 4109 2425 4210 pileo
2478 4110 2611 4184 late
2669 4137 2972 4211 expanso
3023 4113 3334 4211 utrinque
3384 4110 3626 4214 hyme-

567 4226 679 4298 nio
733 4236 950 4311 tecto,
1013 4228 1299 4325 paginae
1348 4252 1515 4300 vero
1563 4227 1933 4325 superioris
1980 4232 2116 4326 jam
2162 4229 2468 4328 pn'mitus
2529 4230 2668 4303 abit
2715 4233 2784 4304 in
2835 4229 3075 4306 dentes
3125 4229 3458 4305 discretos
3504 4233 3623 4305 sti·

569 4355 766 4440 patos
817 4342 1094 4442 oblique
1156 4344 1543 4419 imbricatos
1592 4346 1845 4419 incisos
1859 4402 1878 4433 ,
1930 4344 2203 4420 demum
2251 4348 2676 4424 secedentes.

492 4482 651 4558 Ρ.
714 4506 1198 4569 nexuras,
1258 4488 1498 4564 Berk.!
1549 4488 1625 4564 in
1670 4489 1866 4566 Ann.
1912 4488 2068 4565 Nat.
2131 4491 2315 4568 Hist.
2370 4493 2491 4568 111.
2541 4518 2611 4595 p.
2665 4502 2790 4568 392
2820 4516 2866 4567 a
2905 4492 3397 4594 praecedente
3450 4519 3622 4572 meo

582 4625 803 4678 sensu
887 4601 1184 4680 abunde
1262 4586 1591 4685 diversus
1655 4616 1730 4683 et
1789 4608 1920 4684 vix
1969 4607 2189 4710 hujus
2265 4611 2525 4714 stirpis,
2629 4607 2874 4688 Pileus
2925 4611 3336 4702 coriaceus,
3392 4613 3626 4692 dense

581 4720 1046 4797 concentrice
1096 4722 1447 4813 meatus,
1502 4724 1744 4827 primo
1801 4725 2061 4803 obtutu
2113 4728 2413 4830 quidem
2455 4727 2745 4833 glaber,
2794 4728 2933 4804 sed
2981 4729 3121 4806 sub
3178 4730 3371 4809 lente
3420 4733 3626 4812 fibris

572 4835 809 4942 longis
864 4839 957 4914 ad
963 4865 1232 4940 pressns
1280 4842 1628 4946 vil-gatus,
1681 4841 2065 4920 isabellino
2069 4846 2508 4935 -,alutaceus
2582 4860 2778 4924 inem
2833 4851 3143 4924 concolor
3192 4874 3333 4928 nec
3388 4851 3620 4930 albuS.

580 4951 842 5061 Margo
899 4957 1237 5035 definitus
1251 4962 1301 5048 ?,
1353 4959 1729 5037 incurvuS.
1834 4963 2205 5039 Pororum
2271 4964 2551 5041 fabrica
2596 4964 2986 5068 peculiaris
3049 4977 3125 5044 et
3182 4968 3624 5074 singularem

578 5076 665 5148 Ρ.
714 5079 1147 5177 calcigenum
1225 5077 1302 5153 in
1378 5078 1810 5155 memoriam
1885 5090 2204 5157 revocat.
2338 5083 2525 5160 Sunt
2596 5085 3114 5186 praeformati?
3173 5085 3335 5164 basi
3393 5096 3626 5166 trama

580 5193 957 5272 manifesta
1012 5196 1352 5284 distincti,
1409 5195 1708 5274 demum
1757 5199 1834 5275 in
1883 5197 2141 5277 dentes
2194 5199 2444 5278 fuscos
2493 5201 2807 5279 lacerati.

400 5339 488 5408 m.
582 5336 666 5414 Ρ.
714 5342 1112 5448 (swrosx)
1151 5364 1469 5423 mvus.
1571 5341 1837 5448 Jungh.
1888 5343 2045 5422 Jav.
2096 5369 2168 5448 p.
2226 5354 2341 5438 ⁴6,
2392 5356 2511 5441 48,
2561 5349 2610 5428 f.
2658 5359 2775 5442 26,
2826 5349 3122 5453 optime.
