4984 6517
3498 536 3673 623 341

512 751 722 823 cinias
798 748 1040 819 iterum
1116 749 1492 846 iterumque
1573 746 1759 818 vario
1830 745 2038 818 modo
2128 746 2566 844 explicantes.
2667 745 2865 823 Haec
2917 749 3250 835 evolutio,
3307 773 3505 848 quam
3565 755 3782 827 veris-

511 870 745 941 simam
800 877 867 938 et
917 877 1400 951 contestatam,
1479 866 1533 937 si
1586 862 1775 978 ‘quid
1828 863 2063 950 video,
2120 875 2356 962 putare
2410 889 2646 961 cogor,
2708 879 2814 939 est
2867 869 3093 965 itaque
3150 866 3351 964 longe
3405 870 3528 942 alia
3583 897 3784 970 quam

510 985 679 1057 illius
770 980 1225 1068 Laminariae,
1301 984 1366 1054 in
1450 1003 1579 1080 qua
1654 979 1929 1054 laciniae
2023 981 2311 1080 quadam
2392 982 2795 1057 laceratione
2874 984 3052 1056 thalli
3131 984 3399 1057 formari
3455 986 3780 1061 videntur.

514 1099 626 1175 An
686 1125 850 1173 vero
919 1098 1228 1185 laciniae,
1305 1100 1439 1172 hoc
1491 1097 1699 1170 modo
1753 1099 2095 1185 evolutae,
2150 1101 2282 1172 sint
2333 1125 2589 1198 organa
2644 1127 2805 1174 vere
2858 1100 3184 1187 discreta,
3236 1103 3277 1172 i.
3338 1127 3396 1174 e.
3450 1104 3780 1202 appendi-

513 1220 752 1292 cularia
833 1214 1178 1301 habenda,
1229 1216 1456 1291 dicere
1504 1244 1639 1290 non
1695 1216 2036 1290 audemus.
2142 1215 2217 1290 In
2266 1215 2658 1290 Durvillaea
2713 1218 2846 1290 utili
2901 1222 3133 1317 apices
3187 1219 3563 1294 laciniarum
3612 1250 3781 1296 nun·

516 1361 712 1436 quam
792 1334 1041 1407 detersi
1119 1347 1271 1406 sunt
1350 1339 1785 1433 (quamquam
1836 1336 1899 1405 vi
1955 1346 2229 1408 externa
2286 1361 2497 1434 saepe
2544 1336 2877 1434 abrupti),
2931 1362 3170 1435 quare,
3222 1363 3372 1409 cum
3425 1340 3491 1410 in
3543 1339 3782 1414 iisdem

510 1456 655 1551 ipsa
712 1452 1049 1549 vegetatio
1094 1452 1313 1549 posita
1368 1451 1692 1535 videatur,
1746 1477 1868 1524 eos
1927 1452 2180 1526 babere
2213 1452 2564 1526 crescendi
2600 1465 2898 1524 naturam
2929 1456 3164 1535 caulis,
3194 1480 3413 1553 neque
3441 1455 3783 1545 foliorum,

512 1569 703 1641 facile
751 1581 1043 1666 putares.
1144 1564 1219 1640 In
1277 1565 1661 1641 Durvillaea
1718 1566 2115 1642 Potatorum
2170 1582 2390 1643 autem
2442 1571 2800 1644 latissimae
2854 1574 3293 1669 speciminum
3349 1575 3781 1646 maximorum

511 1688 786 1759 laciniae
839 1687 985 1758 basi
1034 1688 1099 1758 in
1150 1687 1473 1785 petiolum
1529 1697 1807 1759 teretem
1862 1687 2339 1760 contrahuntur
2386 1700 2453 1760 et
2504 1700 2658 1760 sunt
2703 1714 2995 1786 semper,
3027 1704 3095 1761 ut
3149 1714 3294 1762 mea
3351 1686 3478 1760 fert
3544 1693 3784 1764 obser·

515 1807 721 1887 vatio,
800 1802 1002 1876 veluti
1092 1804 1364 1877 laciniae
1448 1800 1821 1876 Eckloniae
1913 1805 2277 1877 buccinalis
2331 1808 2524 1904 apice
2580 1804 2963 1878 dissolutae.
3020 1850 3114 1861 —
3164 1803 3352 1877 Num
3406 1819 3557 1879 sunt
3584 1809 3786 1906 igitur

514 1922 783 1994 laciniae
827 1919 1179 1994 Durvillae
1233 1921 1405 1993 utilis
1456 1923 1671 2018 magis
1730 1921 2035 1996 thallinae
2091 1922 2352 2016 (dicere
2403 1922 2641 1995 vellem
2695 1923 2933 2017 caulis)
3010 1935 3309 2009 naturae,
3397 1921 3492 1995 D.
3568 1923 3783 1998 Pota—

512 2051 731 2111 torum
785 2063 952 2109 vero
1012 2040 1224 2135 magis
1278 2038 1411 2109 solii
1464 2040 1783 2111 naturae?
1833 2037 2053 2112 Multa
2107 2040 2194 2113 de
2244 2041 2516 2137 organis
2563 2040 2838 2111 caulinis
2887 2051 3088 2137 atque
3147 2040 3783 2138 appendicularibus

514 2155 943 2256 Phycearum
1005 2156 1428 2229 observanda
1484 2168 1767 2240 restant,
1821 2158 2296 2230 observatione
2368 2170 2592 2230 nostra
2672 2157 3084 2254 dignissima,
3156 2170 3226 2229 ut
3299 2158 3487 2230 datas
3570 2188 3780 2234 anno-

518 2276 800 2346 tationes
910 2277 1277 2371 reprimere
1369 2299 1503 2346 non
1604 2272 1968 2346 debuerim.
2136 2272 2318 2352 Quid
2394 2274 2599 2346 caulis
2680 2277 2798 2360 sit,
2881 2274 3041 2373 quid
3129 2273 3377 2360 folium,
3423 2278 3634 2373 prima
3687 2281 3785 2353 rei

517 2391 865 2464 herbariae
914 2394 1237 2489 quaestio.
1338 2388 1681 2463 Notiones
1733 2392 1773 2462 l.
1826 2389 2248 2464 definitiones
2308 2392 2721 2475 abstractae,
2774 2393 2897 2463 nisi
2959 2393 3437 2465 observatione
3490 2391 3784 2469 directae

519 2522 718 2607 atque
802 2509 1316 2594 corroboratae,
1388 2518 1457 2580 et
1525 2508 2071 2580 observationum
2123 2508 2508 2595 multitudo,
2557 2509 2751 2581 nullis
2807 2510 3111 2606 subjecta
3163 2509 3583 2596 notionibus,
3633 2524 3786 2584 sunt

520 2628 783 2725 penitus
854 2625 1158 2721 ejusdem
1223 2626 1436 2698 flocci.
1544 2622 1657 2696 Ex
1710 2651 1980 2711 eorum,
2033 2652 2205 2725 quae
2260 2628 2625 2700 observata
2677 2637 2860 2711 sunt,
2904 2637 2972 2699 et
3015 2626 3361 2697 notionum
3415 2641 3784 2767 perspecta

521 2745 949 2840 congruentia
1008 2744 1224 2813 omnis
1278 2768 1432 2816 vera
1491 2743 1626 2814 fluit
1671 2746 1961 2815 scientia.

928 2910 1595 2988 1.Dunv11.1..u;s
1652 2933 1901 2987 umis
1957 2912 2159 3009 Bor-y
2203 2910 2399 2983 Flor.
2450 2911 2630 2984 Mal.
2680 2939 2748 2983 n.
2800 2913 2912 2984 27.
2944 2955 3037 2970 —
3068 2913 3141 2985 J.
3171 2912 3312 3007 Ag.
3348 2913 3391 2985 l.
3433 2938 3489 2984 c.
3514 2937 3597 3010 p.
3640 2918 3782 2983 188.

827 3044 1084 3119 Thallo
1163 3046 1389 3144 (intus
1445 3045 1869 3120 normaliter
1916 3042 2514 3146 celloso-inflato)
2583 3042 3457 3144 laciniato-palmatifisso,
3508 3040 3783 3117 laciniis

519 3165 674 3241 basi
732 3161 1267 3249 conformibus,
1351 3163 1486 3237 filis
1566 3162 1762 3238 strati
1815 3161 2175 3237 corticalis
2227 3160 2819 3261 subsimplicibus
2865 3160 3221 3261 parallelis
3296 3157 3776 3244 densissimis,

532 3307 788 3362 eorum
846 3279 1122 3354 cellulis
1176 3280 1531 3356 diametro
1587 3278 2316 3382 sesquilongioribuS.

822 3432 947 3505 Ad
1023 3430 1294 3506 insulas
1374 3429 1817 3517 MalouinaS,
1874 3430 1967 3504 ad
2012 3438 2279 3504 terram
2331 3427 2451 3502 del
2505 3428 2799 3531 Fuego,
2852 3428 2924 3502 in
2986 3426 3172 3501 freto
3229 3422 3783 3527 Magelhaenico

521 3563 591 3625 et
637 3548 728 3624 ab
776 3575 870 3623 eo
920 3574 1138 3623 secus
1192 3573 1396 3623 oram
1428 3547 1820 3621 Americae
1857 3546 2352 3622 meridionalis
2379 3545 2908 3624 occidentalem
2945 3567 3179 3644 usque
3206 3543 3301 3616 ad
3326 3539 3778 3642 Valparaiso.

523 3714 613 3727 —
674 3667 815 3743 Cfr.
856 3667 950 3740 de
1006 3677 1256 3740 cetero
1310 3666 1556 3740 Hook.
1611 3664 1715 3739 Fl.
1768 3671 2091 3739 Antarct.
2147 3671 2222 3737 et
2268 3664 2331 3737 J.
2389 3669 2533 3763 Ag.
2587 3663 2630 3738 l.
2685 3689 2747 3738 c.

827 3820 1021 3894 Haec
1072 3822 1487 3920 species,ab
1549 3820 1859 3891 omnibus
1909 3830 2040 3890 tam
2093 3820 2269 3891 bene
2325 3816 2592 3888 diversa
2653 3816 2909 3901 habita,
2958 3810 3338 3884 Laminaria
3379 3810 3781 3883 Potatorum

520 3939 655 4038 Ag.
721 3941 864 4011 sive
919 3935 1372 4039 Sarcophyco
1429 3937 1827 4010 Potatorum
1883 3963 1916 4006 a
1981 3963 2086 4008 me
2144 3935 2437 4033 rigidiori
2514 3935 2796 4005 examini
2881 3932 3229 4025 subjecto,
3279 3931 3420 4001 visa
3473 3940 3578 4001 est
3627 3926 3782 4000 huic

520 4059 783 4158 plantae
835 4070 965 4128 tam
1020 4056 1262 4140 affinis,
1308 4072 1374 4129 ut
1420 4057 1507 4129 de
1558 4081 1715 4129 vera
1778 4057 2119 4152 utriusque
2163 4052 2531 4124 differentia
2589 4076 2897 4149 magnam
2935 4072 3242 4119 moveam
3283 4046 3779 4118 dubitationem.

523 4174 803 4248 Thallus
854 4175 1039 4248 cellis
1089 4176 1360 4247 internis
1410 4175 1671 4246 inflatus
1724 4184 1880 4245 nota
1934 4183 2039 4245 est
2095 4171 2536 4243 vesicularum
2590 4172 2655 4240 in
2714 4165 2910 4239 Fuco
2966 4165 3347 4238 vesiculoso
3405 4165 3780 4262 praesentia

524 4295 561 4365 l.
614 4294 915 4365 absentia
969 4318 1102 4364 non
1151 4295 1454 4390 gravior3
1508 4317 1655 4363 nam
1710 4294 1773 4361 in
1827 4289 2044 4361 multis
2080 4289 2459 4386 speciebus·
2505 4286 2743 4359 thallus
2802 4286 3069 4355 omnino
3130 4282 3385 4355 solidus
3423 4293 3557 4367 est3
3623 4278 3779 4353 inde

521 4410 728 4482 forma
780 4409 1157 4482 laciniarum
1218 4408 1413 4481 valde
1467 4410 1677 4493 varia,
1730 4408 2005 4479 laciniae
2061 4406 2318 4484 seilicet
2372 4406 2578 4478 inodo
2641 4415 2795 4476 sunt
2842 4398 3529 4483 inflato-loril'ormes,‘
3573 4394 3779 4467 modo

522 4528 776 4600 solidae
836 4537 903 4600 et
954 4529 1212 4625 planae.
1274 4525 1475 4612 Sola,
1529 4552 1726 4624 quam
1780 4523 1945 4610 vidi,
2001 4522 2363 4596 differentia
2405 4526 2470 4596 in
2511 4533 2838 4596 structura
2868 4519 3050 4591 strati
3079 4516 3410 4589 corticalis
3434 4514 3781 4599 invenitur,
3827 4517 3838 4526 ‘

524 4672 923 4744 quamquam
978 4671 1125 4717 eam
1180 4657 1597 4717 constantem
1666 4643 1892 4714 dicere
1943 4669 2077 4712 non
2130 4641 2370 4713 audeo.
2481 4637 2628 4714 Sed
2681 4639 2869 4737 plura
2926 4635 3053 4706 hac
3106 4634 3193 4707 de
3250 4659 3324 4707 re
3367 4631 3550 4704 infra.

828 4796 1122 4870 Formas
1171 4795 1368 4892 hujus
1423 4795 1679 4892 speciei
1732 4790 2178 4889 perplurimas
2237 4792 2322 4863 ab
2375 4792 2763 4863 auctoribus
2809 4787 3079 4886 species
3129 4783 3471 4856 distinctas
3522 4780 3782 4852 habitas

526 4916 726 4988 fuisse
781 4928 983 5013 atque
1024 4915 1411 5011 discriptas,
1466 4910 1748 4984 suadent
1797 4935 2029 4982 eorum
2062 4934 2292 5006 opera.
2374 4905 2468 4979 D.
2514 4905 2883 5003 Mastigem
2936 4932 2995 4975 v.
3051 4900 3262 4983 Suhr,
3313 4897 3782 4998 Halymeniam

522 5034 930 5124 incurvatam
983 5061 1041 5104 v.
1095 5031 1305 5114 Suhr,
1365 5031 1560 5125 hujus
1606 5027 1871 5126 plantae
1930 5052 2085 5100 esse
2141 5027 2409 5110 formas,
2436 5028 2568 5121 jam
2623 5028 2686 5096 in
2761 5022 2899 5094 Vet.
2938 5020 3162 5093 Acad.
3205 5016 3783 5089 Farhandl.1847

527 5150 990 5223 demonstrare
1045 5163 1324 5221 conatus
1378 5175 1559 5234 sum3
1617 5159 1685 5221 et
1738 5143 2184 5217 Laminariam
2238 5140 2764 5241 Caepaestipem
2798 5140 3009 5212 Mont
3033 5138 3164 5210 huc
3191 5139 3386 5209 etiam
3424 5133 3785 5232 pertinere,

3379 5248 3476 5321 45
