4984 6517
1371 563 1494 650 ⁷0

1459 804 1673 878 porus
1754 787 1825 852 et
1895 804 2024 878 pro
2092 787 2401 878 tempore
2481 777 2697 852 saltim
2743 778 2811 851 in
2886 775 3016 851 hac
3084 779 3294 877 stirpe
3367 774 3799 864 inserendus,
3855 778 4161 877 quamvis
4212 778 4300 850 sit
4346 776 4496 851 nulli

1462 896 1621 969 mihi
1673 898 1944 996 cognito
2002 895 2230 971 affinis.
2337 898 2423 970 P.
2474 897 2823 997 dialeptus
2899 896 3267 969 substantia
3325 908 3451 970 etc.
3517 897 3721 996 longe
3778 896 4052 971 recedit,
4154 892 4325 967 Pori
4382 892 4492 968 ad-

1463 1014 1739 1088 modum
1791 1015 2051 1102 minuti,
2103 1017 2301 1102 curti,
2348 1016 2698 1116 aequales,
2749 1016 3042 1089 obscure
3090 1014 3567 1090 cinereo-susci
3588 1072 3609 1103 ,
3662 1011 3804 1089 fere
3853 1015 3940 1086 P.
3986 1008 4421 1087 secer-nihilis.

1261 1167 1361 1235 53.
1467 1162 1545 1235 Ρ.
1610 1158 1999 1261 (Lanvlo.)
2049 1184 2475 1248 asomum,
2527 1158 2830 1245 albidus,
2873 1158 3069 1260 pileo
3121 1157 3810 1263 suberoso-lignoso
3852 1159 4306 1263 planiusculo
4341 1157 4495 1236 basi

1253 2429 1350 2494 54.

1460 1277 1896 1354 decurrente
1949 1303 2190 1353 azono
2238 1278 2455 1366 laevi,
2511 1279 2749 1379 primo
2801 1278 3207 1355 flocculoso
3224 1338 3243 1367 ,
3298 1278 3483 1354 dein·
3494 1277 3755 1383 glabro
3774 1338 3795 1369 ,
3849 1297 4175 1356 contextu
4196 1284 4494 1380 floccoso

1462 1395 1650 1483 albo,
1703 1396 1905 1497 poris
1958 1395 2248 1470 minutis
2299 1395 2630 1472 rotundis
2684 1395 3266 1497 pallescentibus.

1555 1536 1683 1611 Ad
1733 1544 2033 1611 truncos
2080 1536 2153 1611 in
2203 1534 2523 1611 Mexico.

1556 1685 1791 1762 Pileus
1874 1686 2283 1776 dimidiatus,
2357 1687 2732 1776 induratus,
2804 1689 3092 1788 rigidus,
3165 1693 3596 1766 transversim
3651 1700 3713 1777 ,2
3785 1719 3939 1767 unc.
4014 1693 4226 1786 latus,
4297 1723 4493 1796 supra

1454 1807 1910 1907 planiusculus
1989 1806 2113 1880 sed
2191 1809 2557 1906 marginem
2600 1833 2840 1880 versus
2917 1808 3195 1884 declivis
3272 1810 3533 1911 absque
3600 1812 3791 1885 zonis
3847 1821 3917 1885 et
3970 1812 4215 1903 sulcis,
4266 1815 4492 1889 floccis

1453 1926 1808 2000 subtilibus
1861 1926 2166 2023 primitus
2240 1927 2542 1998 vestitus.
2647 1921 3038 1999 Substantia
3112 1930 3411 2028 priorum
3490 1930 3812 2018 crassior,
3875 1930 4094 2020 firma,
4155 1931 4284 2006 sed
4338 1935 4493 2007 sub-

1445 2044 1737 2119 sriabilis.
1841 2041 2009 2117 Pori
2062 2047 2127 2118 in
2180 2056 2455 2116 stratum
2506 2042 3037 2142 heterogeneum
3093 2047 3349 2146 stipati,
3399 2048 3574 2121 intus
3629 2060 3959 2148 extusque
4009 2049 4492 2150 pallescentes,

1447 2163 1719 2261 integri,
1771 2160 1895 2236 sed
1950 2188 2068 2236 ore
2113 2162 2442 2259 inaequali
2496 2175 2715 2236 acuto.
2817 2162 3159 2238 Affinitate
3209 2166 3487 2238 naturali
3544 2165 3632 2238 P.
3673 2177 3919 2267 supino
3981 2181 4050 2244 et
4092 2178 4490 2271 microporo.

1454 2278 1680 2354 forsan
1727 2283 2106 2380 proximus,
2158 2279 2283 2354 sed
2340 2283 2633 2354 omnium
2686 2282 2972 2379 partium
3025 2283 3256 2358 colore
3306 2283 3674 2359 distinctus.

1455 2424 1537 2498 P.
1592 2447 1954 2502 consuo
2006 2423 2246 2525 Epicr.
2301 2449 2371 2524 p.
2426 2431 2552 2497 472
2595 2421 2851 2497 affinis,

1548 2573 1679 2651 Ad
1727 2582 2027 2651 truncos
2075 2576 2208 2651 ins.
2267 2573 2500 2649 Tahiti
2549 2573 3096 2675 Kampko‘vmer.
3231 2666 3238 2675 .

1551 2715 1850 2793 Recedit
1898 2719 2070 2793 haec
2121 2721 2391 2821 species
2441 2721 2631 2819 poris
2677 2719 2744 2790 in
2802 2720 3072 2791 annosis
3105 2718 3429 2790 stratosis.
3533 2714 3907 2818 Specimen
3963 2716 4119 2790 huic
4162 2716 4495 2793 accedens

1448 2832 1787 2925 difforme,
1838 2838 2152 2925 effusum,
2203 2840 2595 2924 maximum,
2644 2834 3068 2923 undulatum,
3122 2835 3584 2923 durissimum,
3636 2836 4026 2926 candidum,
4076 2838 4268 2936 poris
4318 2835 4492 2910 haud

1445 2952 1751 3031 evolutis.
2998 2964 3003 2969 ’

2435 3095 2684 3173 Series
2734 3096 2973 3175 tertia:
3027 3098 3309 3186 Poma,

1448 3212 1719 3317 colligit
1765 3238 2024 3290 omnes
2068 3215 2355 3317 species
2396 3239 2440 3290 e
2462 3213 2733 3290 tubulis
2783 3215 3012 3291 modo
3065 3216 3514 3304 constitutas,
3553 3242 3610 3295 s,
3657 3217 3852 3320 pileo
3908 3216 4301 3305 destitutas,
4341 3241 4486 3291 non

1445 3330 2000 3408 confundendas
2049 3358 2216 3409 cum
2272 3332 2563 3435 Apodis
2615 3335 3066 3435 resupinatis,
3169 3338 3292 3411 Ex
3355 3334 3491 3411 hac
3541 3338 3733 3413 serie
3790 3337 3983 3412 nulla
4033 3362 4214 3411 vero
4269 3337 4482 3412 adest

1448 3449 1528 3523 in
1581 3448 1693 3526 his
1760 3450 2333 3527 collectionibus.
2457 3451 2892 3528 Differentia
2955 3454 3464 3556 Polyper-orum
3529 3464 3603 3531 et
3696 3457 4238 3557 Polystictorum
4300 3456 4489 3530 inter

1443 3566 1932 3668 Resupinatos
1975 3570 2371 3670 praecipue
2419 3569 2630 3644 facile
2675 3569 3135 3670 conspicitur.

2344 3711 2888 3785 Potvs‘rlcrus.
2995 3707 3061 3782 N
3065 3734 3178 3784 ov.
3235 3734 3398 3813 gen.

1545 3843 1790 3919 Pileus
1855 3844 2267 3934 coriaceus,
2333 3831 2839 3933 i'nodermeus;
2902 3853 3126 3920 strato
3197 3844 3633 3921 intermedio
3708 3846 4064 3923 fibrilloso
4088 3908 4106 3936 ,
4165 3848 4487 3925 abeunte

1435 3961 1512 4036 in
1571 3961 2246 4064 hymenophorum,
2313 3963 2389 4038 in
2467 3988 2616 4064 quo
2695 3963 2860 4064 pori
2908 3962 3326 4040 successive
3385 3990 3430 4040 a
3494 3973 3748 4040 centro
3812 3992 4071 4042 versus
4137 3966 4487 4042 ambitum

1443 4080 1813 4181 explicati,
1905 4080 2234 4187 primitus
2307 4080 2839 4182 superficiales,
2931 4082 3486 4183 punctiformes,
3566 4083 3889 4171 discreti,
3965 4084 4222 4183 aperti,
4321 4082 4489 4160 dein

1440 4197 1773 4274 excavati
1825 4200 2155 4303 congesti
2203 4199 2457 4302 porosi
2515 4207 2589 4275 et
2630 4202 2811 4302 pilei
2859 4201 3255 4277 substantia
3337 4199 3833 4305 (horizontali)
3886 4206 4313 4278 verticaliter
4366 4231 4485 4305 op-

1431 4328 1678 4418 positi,
1757 4325 1985 4393 trama
2047 4315 2140 4392 ab
2207 4314 2778 4418 hymenophoro
2843 4316 3169 4394 formata.
3279 4317 3759 4421 Sporophora
3818 4327 4241 4420 tetraspora.
4364 4321 4486 4396 Ve-

1437 4448 1702 4531 getatio
1755 4448 2219 4522 conventria-a,
2279 4455 2548 4512 sonata.

1536 4576 1958 4652 Facillimum
2036 4592 2141 4654 est
2213 4606 2466 4679 genera
2543 4579 2915 4654 aberrantia
2968 4592 3038 4652 et
3088 4580 3469 4679 specierum
3519 4580 3746 4679 inopia
3796 4579 3863 4651 in
3922 4604 4102 4651 nova
4153 4578 4485 4662 lacerare;

1436 4694 1571 4769 hoc
1595 4724 1759 4771 vero
1787 4699 1978 4797 parvi
2007 4699 2326 4772 momenti
2364 4724 2648 4786 censeo,
2705 4699 2969 4770 maximi
3023 4725 3274 4797 genera
3311 4699 3717 4786 vastissima,
3769 4698 4115 4785 centralia‚
4161 4699 4228 4770 in
4272 4698 4483 4771 series

1441 4813 1743 4889 definitas
1793 4817 1996 4915 (quas
2046 4842 2296 4914 genera
2379 4816 2606 4891 dicere
2672 4842 2958 4891 necesse
3027 4820 3164 4917 est)
3219 4817 3505 4890 solvere.
3609 4813 3972 4890 Laetamur
4050 4815 4250 4888 nobis
4318 4841 4482 4889 con·

1438 4933 1670 5031 tigisse
1720 4934 2167 5006 vastissimum
2222 4946 2292 5007 et
2320 4936 2878 5008 intricatissimum
2929 4960 3145 5034 genus
3197 4932 3533 5035 Polypori
3584 4936 3652 5007 in
3703 4934 3839 5008 duo
3889 4933 4298 5034 disponere,
4347 4958 4482 5006 non

1435 5049 1642 5123 modo
1715 5051 1803 5125 ad
1880 5053 2322 5151 vegetationis
2400 5054 2724 5141 rationes,
2786 5052 2910 5127 sed
2962 5055 3159 5127 etiam
3216 5079 3255 5127 e
3301 5080 3627 5152 potorum
3683 5055 3919 5152 genesi
3992 5066 4063 5126 et
4133 5049 4481 5150 morphosi

1439 5167 1723 5244 diversa.
1832 5168 2189 5272 Polysticti
2262 5167 2694 5245 Trametibus
2767 5172 3113 5246 manifeste
3196 5174 3409 5270 magis
3495 5171 3763 5259 affines,
3851 5197 4057 5269 quare
4122 5172 4190 5245 in
4275 5166 4479 5243 Sum·

1440 5314 1551 5361 ma
1607 5286 1788 5388 Veg.
1842 5284 2095 5362 Scand.
2146 5289 2530 5389 jungendos
2587 5289 2773 5378 finxi,
2824 5291 2950 5365 sed
3013 5318 3168 5365 cum
3238 5290 3596 5366 Trametes
3662 5291 3903 5364 sistunt
3951 5316 4234 5389 gregem
4291 5301 4481 5364 natu-
