4984 6517
3448 610 3614 700 281

465 825 667 929 quod
721 825 816 900 de
869 849 1056 900 saxo
1111 822 1424 899 calcario
1479 821 1574 898 ad
1631 818 2059 896 Gielleback
2098 818 2463 917 dubitat‚*)
2514 819 2651 893 sed
2707 820 2830 920 qui
2880 821 3432 897 conclusionem
3489 824 3720 898 solam

460 951 978 1044 respexerunt,
1056 940 1185 1015 has
1255 940 1463 1040 quasi
1517 937 1995 1036 exceptiones
2042 936 2557 1036 neglexerunt,
2634 963 3007 1037 quumque
3057 938 3192 1013 hac
3245 940 3720 1015 conclusione

460 1059 938 1161 perturbetur
979 1058 1192 1136 ordo.
1249 1081 1399 1156 quo
1454 1069 1717 1128 stratae
1767 1053 1957 1126 inter
2006 1077 2090 1125 se
2141 1063 2310 1127 sunt
2354 1054 2662 1153 specieS,
2717 1071 2883 1128 ante
2925 1054 3371 1142 observatus,
3408 1083 3717 1134 necesse

452 1190 567 1253 est
617 1193 738 1251 aut
798 1176 1141 1262 credere,
1194 1199 1314 1259 ea,
1384 1195 1573 1272 quae
1626 1185 1793 1244 ante
1856 1169 2065 1244 allata
2113 1186 2294 1255 sunt,
2357 1171 2451 1245 ad
2507 1179 2755 1257 strata,
2811 1196 3125 1272 quorum
3181 1176 3369 1248 ordo
3421 1175 3713 1250 fortuito

448 1296 544 1370 sit
601 1319 1017 1394 perversuS,
1079 1291 1462 1392 pertinere,
1511 1297 1634 1361 aut
1684 1313 1970 1362 errasse
2021 1288 2481 1390 Leopoldum
2534 1314 2598 1363 v.
2652 1289 2859 1363 Buch
2913 1291 3279 1389 suspicari,
3309 1292 3512 1392 quod
3538 1316 3711 1366 con*

445 1411 675 1486 tendit
728 1411 1084 1486 Graniten
1139 1408 1469 1508 aliosque
1509 1416 1798 1480 montes
1833 1405 2229 1505 primitivos
2257 1406 2576 1494 azoicOS,
2611 1406 2794 1481 sicut
2820 1406 3279 1507 crystallinos
3305 1408 3710 1483 neozoicos

444 1554 675 1628 super
726 1528 1136 1602 sedimenta
1189 1551 1359 1600 esse
1404 1534 1685 1599 stratos.
1743 1524 2067 1625 Geologi
2114 1524 2330 1625 igitur
2380 1523 2734 1598 rationem
2794 1524 3502 1625 circumspiciebant,
3565 1552 3708 1626 qua

441 1662 741 1746 possent
793 1643 982 1719 haec
1042 1642 1306 1717 indicia
1359 1642 1552 1716 bona
1612 1641 1759 1715 fide
1811 1651 2111 1741 accepta
2155 1640 2547 1740 explicare,
2580 1644 3040 1743 primumque
3079 1643 3563 1742 crystallinam
3595 1659 3702 1717 to-

444 1780 588 1838 tam
633 1763 986 1837 montium
1038 1761 1544 1835 formationem
1572 1759 2055 1832 abnormem
2083 1758 2443 1843 dixerunt,
2474 1769 2726 1834 contra
2765 1760 3166 1834 normalem
3194 1759 3700 1833 formationem

443 1895 834 1954 stratorum
869 1883 1220 1977 (Flb'tz).
1272 1880 1455 1950 Tum
1504 1876 1829 1951 nonnulli
1887 1876 2206 1977 Geologi
2240 1888 2312 1952 ut
2339 1873 2696 1976 originem
2731 1879 3082 1952 montium
3114 1877 3698 1977 crystallinorum

354 2047 363 2056 ·
445 1997 918 2098 explicarent,
976 2011 1049 2069 ut
1087 1996 1376 2080 scimuS,
1440 1996 1859 2094 opinionem
1899 1993 2091 2067 illam
2135 1997 2287 2090 jam
2337 1993 2708 2067 oblivione
2752 2020 2989 2104 paene
3044 1995 3377 2069 obrutam
3432 1995 3698 2095 proba-

452 2124 656 2202 runt,
715 2138 881 2188 esse
940 2114 1009 2187 in
1059 2110 1463 2186 visceribus
1517 2121 1725 2185 terrae
1776 2111 2115 2185 nucleum
2171 2110 2637 2210 liquefactum
2691 2122 2764 2186 et
2813 2112 3136 2197 fluidum,
3180 2112 3374 2186 unde
3427 2139 3563 2211 pro
3615 2139 3694 2187 re

434 2242 597 2307 nata
642 2256 928 2305 massae
980 2228 1409 2330 liquefactae
1462 2239 1768 2327 possent
1813 2253 1949 2327 per
2006 2228 2297 2302 canales
2340 2229 2453 2303 vel
2510 2229 2728 2302 rimas
2780 2230 2854 2302 in
2886 2229 3122 2303 lucem
3153 2231 3534 2329 pressione
3564 2256 3690 2304 co-

428 2349 523 2448 gi,
560 2373 750 2448 quae
815 2358 1073 2447 postea
1126 2348 1197 2421 in
1228 2355 1518 2420 montes
1549 2345 1949 2446 primitivos
1985 2346 2442 2444 crystallinos
2465 2347 2935 2448 fingerentur.
2991 2347 3199 2420 Haec
3227 2346 3688 2446 hypothesis,

428 2492 647 2566 quam
720 2464 914 2539 Prof.
976 2463 1309 2538 Bischoff
1348 2472 1603 2563 postea
1664 2464 1741 2536 in
1792 2462 1986 2535 libro
2039 2487 2209 2546 suo,
2278 2464 2401 2563 qui
2454 2463 2867 2538 inscribitur
2912 2463 3279 2537 Lehrbuch
3335 2469 3459 2537 der
3520 2466 3688 2541 Che-

428 2584 726 2656 mischen
782 2588 937 2657 und
1010 2583 1565 2680 Physikalischen
1638 2584 1974 2677 Geologie,
2076 2581 2805 2656 Ultravulcanisticam
2865 2583 3183 2670 vocavit,
3269 2583 3689 2684 pervulgata

423 2701 648 2774 estin
694 2699 897 2774 libris
957 2699 1130 2774 illis,
1206 2699 1328 2799 qui
1380 2698 1474 2772 ad
1530 2699 1957 2798 popularem
2012 2712 2300 2796 captum
2348 2710 2703 2773 vocantur
2760 2699 3250 2786 accomodati,
3303 2701 3376 2774 in
3421 2700 3685 2802 quibus

422 2817 584 2891 haec
629 2818 976 2892 miracula
1025 2832 1227 2891 certe
1270 2825 1517 2915 aptum
1570 2815 1838 2890 habent
1883 2816 2147 2889 locum.
2218 2815 2369 2889 Sed
2416 2816 2790 2915 potissima
2841 2842 3097 2891 eorum
3133 2817 3681 2917 phaenomeno-

419 2960 614 3021 rum,
692 2936 954 3035 quibus
1030 2934 1464 3007 defensores
1536 2933 2039 3033 hypotheseos
2107 2944 2395 3007 utuntur
2445 2933 2540 3006 ad
2588 2933 3004 3032 probandas
3057 2945 3318 3010 crustae
3370 2945 3679 3009 terrenae

418 3078 517 3126 ex
597 3052 714 3126 illa
791 3064 1184 3152 sequentes
1248 3052 1513 3150 passim
1581 3052 2056 3125 allevationes
2122 3058 2193 3123 et
2245 3049 2792 3148 depressiones,
2867 3051 2959 3125 ab
3012 3051 3164 3126 aliis
3219 3054 3455 3127 causis
3512 3078 3677 3128 esse

414 3169 749 3268 profecta
822 3181 945 3244 aut
997 3170 1087 3244 ab
1160 3193 1414 3242 errore
1467 3168 1710 3268 aliquo
1755 3169 2083 3268 pendere
2132 3168 2478 3267 apparuit.
2587 3170 2733 3242 Pro
2788 3180 3217 3270 argumento
3293 3170 3679 3245 utebantur

414 3287 767 3385 opinione
851 3287 1000 3371 illa,
1093 3312 1257 3387 quae
1305 3286 1499 3386 apud
1543 3311 1683 3360 nos
1735 3286 2050 3372 invaluit,
2108 3284 2407 3359 diminui
2460 3287 2678 3361 maris
2728 3313 2989 3387 aquam
3028 3296 3102 3362 et
3135 3288 3676 3362 contendebant

416 3412 688 3478 terram
749 3405 1160 3478 Suecanam
1213 3405 1286 3478 in
1340 3404 1671 3479 litoribus
1738 3402 2338 3477 meridionalibus
2406 3403 2639 3504 magis
2701 3404 3076 3506 magisque
3142 3429 3239 3479 ex
3292 3429 3483 3507 aqua
3533 3430 3672 3479 ex-

408 3535 620 3602 stare,
675 3547 864 3622 quae
915 3515 1164 3622 opinio
1206 3525 1359 3617 jam
1417 3533 1530 3596 est
1579 3521 1899 3606 refutata,
1953 3546 2175 3621 quum
2234 3520 2515 3595 indices
2552 3521 2934 3596 altitudinis
2985 3548 3219 3622 aquae
3249 3522 3343 3596 ad
3373 3523 3673 3597 Kalmar

410 3649 484 3712 et
524 3639 620 3712 ad
673 3639 984 3714 Stafsten
1032 3643 1247 3737 juxta
1302 3641 1367 3713 T
1372 3637 1745 3741 relleborg
1795 3637 2118 3738 probent
2173 3638 2441 3711 nullam
2498 3639 2970 3713 mutationem
3013 3649 3335 3739 apertam
3361 3639 3471 3715 his
3497 3665 3668 3714 cen-

404 3770 557 3829 tum
612 3757 817 3831 annis
871 3782 1040 3832 esse
1096 3757 1380 3831 factam.
1491 3756 1713 3848 Quod
1768 3756 1862 3830 ad
1918 3756 2392 3830 mutationem
2438 3756 2509 3829 in
2559 3755 2862 3830 sinubus
2914 3757 3195 3858 magnis
3249 3757 3467 3832 maris
3499 3758 3668 3832 Bal-

404 3873 522 3946 tici
580 3874 857 3960 attinet,
943 3899 1032 3948 ea
1075 3899 1195 3949 res
1280 3875 1740 3949 examinatur
1806 3873 1947 3947 hoc
2017 3873 2177 3973 ipso
2232 3888 2586 3973 tempore.
2694 3874 2886 3947 Tum
2940 3875 3169 3949 allatae
3220 3883 3385 3949 sunt
3438 3875 3666 3950 ruinae

400 3991 650 4089 templi
700 3991 904 4064 Jovis
957 3991 1346 4090 SerapidiS,
1399 3992 1598 4093 quod
1658 3999 1994 4091 putarunt
2046 3992 2267 4065 luisse
2316 3990 2409 4063 ad
2462 3991 2818 4064 Puzzuoli
2864 3991 2938 4065 in
2990 3992 3316 4091 Neapoli,
3367 3992 3459 4065 ad
3494 4018 3664 4091 pro-

400 4105 682 4180 bandas
748 4107 1217 4183 allevationes
1292 4118 1366 4182 et
1436 4109 1954 4209 depressiones
1998 4118 2207 4182 terrae
2259 4106 2612 4207 aequatori
2665 4108 3048 4207 propioris.
3160 4110 3665 4184 Observarunt

403 4224 603 4298 enim
674 4224 992 4324 reliquas
1060 4224 1311 4325 templi
1381 4225 1757 4300 columnas
1835 4224 1977 4305 hoc
2031 4235 2364 4324 tempore
2414 4250 2456 4298 a
2508 4223 2956 4300 Pholadihus
3006 4252 3173 4301 esse
3225 4251 3514 4300 arrosas
3567 4227 3661 4300 ad

396 4352 545 4416 tres
592 4341 749 4415 sere
804 4351 873 4415 et
925 4341 1169 4442 viginti
1218 4342 1449 4441 pedes
1503 4369 1721 4443 supra
1775 4342 2240 4443 superficiem
2284 4342 2523 4428 maris,
2576 4343 2889 4443 integriS,
2952 4368 3141 4443 quae
3188 4368 3407 4442 supra
3456 4354 3653 4431 sunt,

397 4458 754 4556 partibus,
839 4459 1040 4558 quod
1122 4460 1320 4533 nullo
1403 4460 1543 4534 alio
1626 4460 1850 4533 modo
1938 4455 2288 4558 explicari
2343 4484 2567 4558 posse
2618 4467 2987 4558 putarunt,
3068 4459 3204 4533 nisi
3267 4460 3656 4535 crederent

398 4575 742 4673 templum
822 4576 1263 4677 aliquantum
1338 4578 1686 4676 temporis
1751 4577 1933 4652 infra
1986 4576 2444 4675 superficiem
2499 4576 2718 4649 maris
2770 4582 2911 4649 tam
2968 4576 3108 4650 alte
3177 4579 3491 4664 stetisse,
3580 4589 3654 4652 ut

397 4703 697 4789 possent
750 4692 1113 4768 Pholades
1165 4704 1408 4793 partes
1461 4720 1750 4769 arrosas
1803 4694 2172 4796 attingere,
2227 4694 2417 4767 unde
2473 4718 2728 4766 rursus
2781 4692 2853 4765 in
2903 4704 3359 4792 praesentem
3390 4703 3650 4769 statum

391 4808 653 4882 elatum
712 4815 856 4904 (est
909 4837 1102 4885 nunc
1156 4811 1375 4885 limen
1427 4811 1673 4911 templi
1724 4812 1914 4910 pede
1966 4811 2266 4885 inferius
2309 4809 2552 4883 media
2592 4834 2826 4909 aquae
2852 4809 3273 4906 altitudine).
3323 4812 3654 4912 Diligen-

388 4931 603 5000 tiores
657 4926 1249 5028 investigationes
1306 4927 1662 5028 proximis
1723 4929 1926 5002 annis
1980 4927 2186 5001 factae
2243 4926 2739 5012 ostenderunt,
2791 4925 2935 5001 hoc
2987 4927 3371 5002 aedificium
3422 4928 3647 5002 fuisse

386 5042 722 5117 balneum
766 5047 980 5139 juxta
1034 5071 1267 5145 aquae
1321 5046 1786 5145 superficiem
1845 5054 2358 5131 constructum,
2415 5044 2612 5144 quod
2665 5043 3117 5142 procedente
3154 5054 3487 5145 tempore
3515 5045 3650 5119 ob-

383 5175 618 5234 rutum
677 5187 843 5235 esse
899 5162 1128 5263 magis
1181 5163 1559 5264 magisque
1612 5162 2075 5235 increscente
2126 5161 2300 5235 limo
2350 5159 2660 5235 alluviali
2704 5160 2799 5233 ad
2847 5185 3011 5234 eam
3062 5187 3300 5263 usque
3342 5163 3648 5237 altitudi-

583 5382 645 5447 “)
718 5380 854 5433 Ibid.
894 5399 1016 5452 pag.
1060 5381 1156 5433 126
1195 5399 1316 5453 sqq.
