4984 6517
1363 557 1535 648 114

1463 776 1776 852 distinxit.
1877 775 2010 851 Est
2060 779 2251 877 quasi
2306 775 2668 850 Radulm
2719 776 2758 850 1.
2811 777 3162 851 Merulius
3233 777 3656 873 Iaadgatus.
3732 802 3940 877 quare
4013 778 4178 850 varii
4228 772 4499 850 Merulii

1462 900 1529 971 in
1607 909 1784 969 statu
1853 900 2170 996 primario
2245 897 2740 973 confunduntur
2805 910 2875 971 et
2949 895 3374 971 Persoonius
3427 897 3520 970 R„
3571 898 3827 972 laetum
3881 923 4009 996 pro
4066 893 4503 996 Thelephora

1465 1017 1715 1090 habuit.
1816 1014 2178 1116 Expositio
2230 1019 2500 1116 generis
2550 1013 3144 1089 ARRnYTmtAE
3196 1014 3405 1091 Berk.
3452 1020 3519 1090 in
3571 1015 3868 1090 Corticia
3932 1015 4277 1115 cupularia
4327 1017 4501 1113 opti-

1459 1161 1569 1209 me
1625 1133 1936 1234 quadrat;
2014 1135 2213 1233 hujus
2291 1161 2457 1209 vero
2530 1136 2897 1234 specimina
2975 1137 3104 1209 sub
3182 1138 3637 1235 microscopio
3716 1135 3990 1209 lustrata
4057 1134 4263 1232 longe
4313 1133 4502 1207 aliam

1459 1265 1914 1327 monstrarunt
1966 1252 2319 1340 fabricam,
2368 1277 2616 1351 nempe
2669 1248 3227 1355 Dacrymycetis,
3282 1255 3515 1328 floccis
3563 1254 3821 1328 tenellis
3876 1255 4160 1350 ramosis
4209 1254 4496 1326 subcon-

1461 1375 1662 1472 tiguis
1713 1372 2112 1447 densissime
2162 1373 2512 1458 intricatis,
2565 1382 2793 1471 spor-is
2845 1382 2919 1443 in
2970 1382 3171 1472 apice
3213 1374 3585 1458 solitariis,
3658 1371 3930 1446 demum
3981 1371 4213 1458 nullis,
4296 1397 4506 1471 quare

1462 1516 1550 1564 ex
1589 1487 2072 1563 Auricularinis
2125 1488 2434 1563 excludo.
2537 1489 3001 1564 FEMSJONIA
3057 1488 3318 1563 Summ.
3368 1488 3549 1590 Veg.
3602 1488 3889 1576 Scand.,
3946 1491 4251 1587 quamvis
4304 1489 4506 1588 longe

1463 1610 1873 1709 speciosior,
1924 1606 2066 1682 fere
2122 1607 2358 1681 eadem
2413 1608 2655 1708 planta.
2758 1606 2837 1681 In
2887 1609 3016 1683 hac
3077 1635 3241 1682 vero
3320 1610 3701 1708 excipulum
3768 1608 4029 1682 firmum
4102 1609 4508 1709 persistens,

1460 1754 1614 1800 cum
1665 1730 1730 1799 in
1787 1724 2200 1828 Arrhytidea
2253 1738 2553 1814 vetusta,
2643 1726 2835 1801 disco
2926 1741 3355 1828 turgescente
3409 1740 3797 1816 evanescat,
3867 1738 3940 1799 ut
4005 1727 4069 1799 in
4139 1725 4273 1799 hoc
4332 1737 4505 1800 statu

1465 1871 1669 1943 aegre
1723 1871 1758 1916 a
1810 1841 2322 1947 Dacrymycete
2375 1844 2834 1945 distinguatur.

1310 2076 1328 2095 .
1466 2020 1545 2094 C.
1607 2044 2205 2098 ocnuommcum.
2310 2021 2553 2123 Epicr.
2609 2047 2678 2122 p.
2736 2020 2904 2099 557.

1560 2162 1738 2238 Late
1789 2160 1971 2238 haec
2020 2163 2381 2265 dispersa,
2443 2172 2517 2239 at
2567 2188 2862 2264 semper
2911 2164 3202 2265 parcius
3256 2164 3475 2241 obvia
3524 2165 3847 2267 species„
3903 2163 4119 2241 etiam
4148 2189 4249 2240 ex
4274 2166 4507 2242 Ame-

1457 2281 1610 2356 rica
1652 2279 1935 2357 boreali
1987 2281 2214 2356 adest.

1563 2422 1878 2500 Medium
1933 2429 2103 2501 inter
2157 2423 2401 2500 Sterea
2455 2440 2525 2500 et
2576 2426 2906 2513 Corticia,
2986 2426 3205 2526 pileus
3256 2456 3310 2501 s.
3376 2456 3611 2529 margo
3692 2428 3983 2502 reflexus
4071 2423 4511 2515 Stereorum;

1456 2543 1845 2646 hymenium
1898 2570 2062 2617 vero
2113 2558 2314 2619 tenue
2368 2572 2761 2633 ceraceum‚
2828 2544 3381 2637 rimoso-fissum,
3455 2574 3591 2647 quo
3657 2548 3744 2620 ab
3799 2546 4113 2618 omnibus
4159 2548 4513 2646 utriusque

1455 2665 1726 2763 generis
1770 2665 2134 2763 speciebus
2186 2663 2459 2738 recedit.

1458 2804 1537 2878 C.
1593 2827 2116 2881 ecunacum
2135 2864 2153 2893 ,
2238 2803 2734 2905 resupinatum
2753 2862 2771 2891 ,
2852 2804 3199 2893 effusum,
3281 2808 3814 2884 subrotundum
3833 2868 3853 2898 ,
3915 2808 4477 2886 determinatum
4494 2870 4511 2898 ,

1459 2921 1735 2997 ambitu
1795 2921 2116 2997 siccitate
2164 2922 2408 2997 soluto
2463 2929 2538 2997 et
2591 2929 2968 2997 contracto
3035 2922 3416 3024 cupulare,
3485 2924 3842 3028 hymenio
3929 2953 4243 3005 ceraceo
4319 2926 4511 3003 laevi

1453 3039 1712 3143 glabro
1769 3039 2041 3140 pallido
2095 3041 2329 3141 (sicco
2387 3038 2790 3141 contiguo).
4456 3032 4467 3043 '

1555 3188 1684 3264 Ad
1744 3198 2010 3265 terram
2091 3189 2166 3267 in
2234 3189 2535 3267 Mexico
2611 3209 2835 3287 supra
2887 3182 3062 3264 folia
3127 3188 3410 3293 aliaque
3485 3191 3919 3295 vegetabilia
3992 3194 4505 3302 putrescentia.

1454 3307 1812 3383 Liebman.

1558 3451 1852 3554 Species
1900 3452 2177 3539 nobilis,
2233 3450 2310 3526 C.
2352 3461 2685 3547 giganteo
2735 3447 2886 3523 Fr.!
2944 3449 3316 3551 (Theleph.
3370 3481 3777 3555 pargamena
3814 3454 3936 3555 P.)
3987 3458 4336 3535 manifeste
4362 3460 4507 3533 affi-

1452 3575 1574 3645 nis.
1677 3567 1789 3642 Ex
1841 3571 2135 3641 omnium
2191 3567 2643 3643 Corticiorum
2687 3568 2913 3642 indole
2965 3572 3213 3643 siccata
3270 3572 3602 3661 contrahi,
3652 3576 3978 3675 plurimae
4006 3605 4110 3678 sp.
4147 3579 4283 3653 hoc
4334 3593 4514 3653 statu

1454 3688 2027 3774 rimoso-incisae,
2081 3685 2203 3760 sed
2257 3687 2439 3774 illae,
2489 3714 2663 3788 quae
2713 3715 2751 3759 a
2804 3689 3078 3761 matrice
3132 3689 3500 3779 solvuntur,
3552 3695 3852 3793 integrae
3898 3697 4269 3795 persistunt
4344 3700 4515 3772 sub·

1456 3807 1813 3881 involutae.
1915 3803 2029 3878 Ex
2077 3805 2309 3878 harum
2386 3833 2668 3880 numero
2726 3818 2880 3880 sunt
2965 3803 3041 3880 C.
3094 3824 3558 3898 contractum,
3604 3823 4019 3908 giganteum
4067 3828 4228 3899 etc.;
4305 3819 4509 3891 etiam

1464 3923 1541 3999 C.
1602 3937 2034 4022 quercinum,
2091 3922 2279 4023 quod
2332 3926 2397 3997 in
2448 3936 2623 3997 statu
2669 3926 2985 4024 primario
3047 3927 3301 3999 matrici
3381 3928 3859 4028 adglutinatum
3906 3935 4112 4007 instar
4165 3933 4508 4010 Cincar-

1451 4055 1606 4117 nati
1656 4057 1783 4117 etc.
1851 4055 1919 4116 et
1990 4041 2068 4117 C.
2128 4053 2468 4115 cinereum
2534 4043 2820 4118 subinde
2913 4042 2989 4117 C.
3054 4056 3362 4141 quere-im·
3436 4074 3626 4122 more
3677 4050 3974 4125 solvitur.
4090 4051 4168 4128 C.
4221 4072 4505 4128 contra-

1454 4180 1661 4247 ctum,
1713 4161 1900 4261 quod
1945 4162 2011 4233 in
2059 4173 2233 4233 statu
2285 4172 2534 4259 vegeto
2585 4163 2835 4235 matrici
2916 4174 3098 4234 arcte
3165 4164 3593 4263 applanatum
3667 4181 3806 4256 est,
3878 4172 4132 4244 siccum
4187 4172 4510 4272 cupulam

1452 4283 1657 4356 refert
1721 4281 1816 4379 (v.
1870 4306 1928 4353 c.
1980 4276 2297 4352 Pezizam
2376 4279 2887 4375 vesiculosam),
2965 4282 3228 4353 unciam
3307 4285 3570 4359 circiter
3624 4286 3842 4360 latam.
3923 4331 4018 4345 —
4088 4285 4506 4391 Hymenium

1451 4426 1772 4500 superum
1820 4399 2051 4498 (quale
2101 4422 2464 4496 numquam
2491 4399 2556 4470 in
2588 4394 2915 4497 Stereis),
2968 4400 3418 4500 sporophoris
3472 4405 3818 4482 manifeste
3868 4409 4295 4508 tetrasporis,
4337 4436 4508 4509 spo-

1448 4522 1539 4593 ris
1588 4515 2042 4593 subrotundis.

1453 4658 1529 4730 C.
1614 4676 2062 4740 pannosum,
2146 4648 2288 4725 late
2371 4647 3272 4752 resupinato-expansum,
3349 4655 3721 4748 adnatum,
3802 4686 4050 4739 ramos
4135 4663 4501 4754 ambienS,

1449 4770 2132 4856 cinereo-luridum,
2190 4766 2463 4843 ambitu
2520 4767 2723 4843 fibris
2775 4768 3044 4870 stipatis
3099 4773 3362 4848 erectis
3430 4772 3656 4853 fuscis
3717 4803 4088 4880 pannoso,
4142 4779 4499 4883 hymenio

1447 4887 1886 4992 inaequabili
1934 4885 2540 4973 cinereo-lurid0‚
2592 4884 2913 4963 siccitate
2964 4889 3465 4968 rimosissimo.

1553 5036 1676 5113 Ad
1728 5057 1974 5110 ramos
2025 5032 2357 5130 dejectos
2406 5031 2482 5106 in
2535 5030 2856 5109 Mexico.
2914 5034 3270 5110 Liebman.

1550 5183 1704 5257 Alia
1765 5180 2258 5254 distinctissima
2312 5178 2617 5276 species,
2694 5178 2926 5252 colore
2978 5191 3048 5253 et
3096 5177 3327 5254 habitu
3388 5177 3466 5254 C.
3522 5189 3804 5267 cineret,
3880 5179 4006 5256 sed
4063 5185 4360 5258 crassius
4430 5195 4507 5259 et

1449 5302 1829 5403 speciosius
1848 5356 1867 5387 ,
1918 5298 2309 5397 ambituque
2381 5322 2694 5396 pannoso
2778 5299 2864 5372 ab
2947 5299 3258 5373 omnibus
3331 5298 3683 5375 recedens.
3810 5296 3932 5375 Ad
3982 5300 4216 5401 plures
4265 5305 4498 5378 uncias
