4984 6517
3484 575 3598 659 65

669 785 878 886 nigro
953 781 1554 887 griseopruinoso
1571 842 1588 869 ,
1660 781 1943 859 discum
2021 804 2426 856 concavum
2487 780 2949 883 arg-illaceum
3016 783 3315 861 demum
3385 810 3700 887 poroso-

661 910 1038 1004 pertusum
1093 903 1419 1005 margine
1493 899 1882 977 orbiculari
1934 897 2201 975 obtuso
2259 898 2719 999 prominente
2786 899 3143 1003 cingente.
3250 907 3516 979 Peziza
3595 908 3702 979 di-

660 1022 910 1117 gitalis
959 1018 1340 1095 Schwein.!
1430 1018 1610 1118 Syn.
1669 1018 1827 1091 Car.
1885 1042 1951 1092 n.
2007 1025 2190 1094 1183.
2290 1020 2376 1090 Ρ.
2411 1020 2731 1120 pendula
2782 1015 3221 1123 Schwaegr.!
3333 1021 3699 1125 Cyphella,

664 1139 739 1213 S.
791 1136 890 1214 M.
945 1138 1032 1212 II.
1089 1164 1159 1239 p.
1215 1147 1358 1214 203.
1469 1138 1717 1238 Polyp.
1748 1137 2102 1236 pendulus
2153 1160 2365 1210 mser.

760 1291 1096 1392 Erumpit
1145 1315 1280 1390 per
1329 1290 1642 1365 cortices
1689 1285 2037 1363 arborum
2089 1287 2165 1362 in
2213 1287 2563 1363 America
2606 1287 2963 1377 calidiori,
3016 1291 3304 1391 passim.

760 1450 1288 1553 Summopere
1269 1454 1545 1550 lusignis
1593 1450 1703 1523 hic
1773 1450 2050 1549 fungus,
2103 1476 2304 1549 quem
2358 1449 2487 1524 div.
2539 1450 2914 1525 Schweiniz
2985 1456 3204 1553 primo
3269 1481 3422 1528 cum
3475 1453 3699 1528 diver·

663 1573 923 1645 sissima
998 1570 1332 1672 Cyphella
1403 1570 1686 1667 digitali
1742 1568 2115 1655 confundit,
2196 1568 2424 1668 quoad
2487 1596 2705 1668 genus
2767 1573 3052 1646 maxime
3116 1573 3359 1648 dubius
3427 1600 3700 1674 semper

663 1689 823 1763 mihi
900 1691 1084 1763 visus
1165 1702 1301 1775 est;
1393 1691 1460 1762 in
1509 1700 1682 1762 statu
1747 1688 2059 1786 primario
2138 1690 2328 1786 poris
2407 1714 2691 1786 prorsus
2765 1688 3118 1764 destitutus
3197 1691 3502 1791 quidem,
3572 1692 3699 1767 sed

662 1807 1193 1882 manifestissime
1246 1810 1384 1881 abit
1444 1808 1509 1879 in
1561 1804 1838 1877 sormam
1901 1832 2224 1905 perosam
2277 1817 2346 1877 et
2395 1830 2435 1878 e
2490 1807 2970 1906 speciminibus
3042 1805 3311 1883 Curtisii
3398 1838 3552 1884 cum
3608 1812 3695 1883 Ρ.

664 1927 1180 2027 cupulaeformi
1214 1923 1424 2000 Berk.
1484 1922 1680 1999 Ceut.
1731 1922 1851 1997 III.
1909 1953 1972 1998 ιι.
2019 1930 2145 1998 216
2194 1950 2475 2023 prorsus
2532 1924 2893 1998 identicum
2936 1925 3137 2000 video
3159 1984 3179 2013 ,
3235 1928 3392 2002 licet
3440 1929 3696 2002 descri-

657 2046 802 2144 ptio
853 2044 1143 2119 recedat.
1265 2043 1534 2143 Cupula
1584 2043 1938 2143 regularis,
1981 2049 2167 2116 2—:3
2217 2044 2323 2115 lin.
2377 2043 2538 2128 lata,
2591 2068 2630 2115 e
2683 2045 2933 2116 vertice
2987 2043 3073 2116 ad
3112 2053 3154 2117 Ω
3203 2045 3311 2117 lin.
3370 2060 3694 2145 porrecto

660 2162 985 2263 pendula,
1066 2162 1560 2263 pseudostipite
1634 2188 1923 2262 rugoso,
1983 2164 2050 2235 in
2130 2164 2262 2235 situ
2332 2161 2725 2234 horizontali
2779 2174 3001 2249 recto,
3049 2164 3113 2235 in
3160 2164 3455 2236 verticali
3526 2192 3692 2238 vero

659 2280 1060 2367 decurvato;
1114 2293 1308 2356 extus
1339 2293 1555 2354 crusta
1588 2283 1767 2354 tenui
1818 2280 2006 2353 fusca
2051 2280 2284 2380 glabra
2303 2337 2320 2367 ,
2365 2279 2489 2353 sed
2520 2279 2730 2353 dense
2760 2281 3340 2379 griseo-pruinosa
3369 2281 3694 2370 obducta,

656 2427 897 2474 versus
941 2403 1305 2500 marginem
1335 2398 1869 2472 radiato-striata.
1935 2396 2190 2497 Margo
2235 2399 2661 2485 orbicularis,
2690 2400 3159 2473 obtusissimus
3189 2412 3259 2473 et
3284 2402 3695 2487 incurvatus,

658 2544 866 2617 supra
917 2518 1174 2592 discum
1238 2517 1601 2591 admodum
1652 2519 2058 2616 prominens.
2162 2513 2423 2588 Discus
2475 2518 2626 2616 ipse
2683 2543 3055 2606 concavus,
3108 2518 3234 2593 sed
3300 2515 3696 2593 substantia

635 2637 819 2737 pilei
854 2634 1016 2709 alba
1073 2640 1393 2725 crassior,
1453 2637 1692 2710 lineam
1766 2638 2028 2709 circiter
2067 2635 2273 2719 latus,
2322 2635 3007 2734 argillaceo-pallens,
3058 2637 3363 2735 primitus
3422 2638 3692 2710 omnino

653 2756 862 2830 laevis
915 2783 1164 2856 aporus
1212 2758 1417 2853 (intus
1456 2781 1617 2827 vero
1670 2782 1709 2829 e
1762 2755 2008 2829 tubulis
2042 2753 2575 2853 fuscostriatus),
2624 2753 2886 2828 adultus
2924 2780 3088 2828 vero
3139 2755 3328 2854 poris
3375 2767 3694 2854 pertusus

655 2875 1121 2949 obtusissimis.
1176 2917 1271 2930 —
1327 2871 1446 2945 Ad
1493 2874 1578 2946 Ρ.
1631 2884 1953 2946 nitentem
2007 2871 2301 2960 accedit,
2357 2884 2427 2946 et
2477 2871 2708 2946 decies
2758 2875 2992 2946 minor.

754 3003 846 3104 Ρ.
897 3033 1446 3133 cupulaeformis
1495 3056 1627 3103 una
1677 3056 1828 3103 cum
1883 3031 1969 3102 Ρ.
2005 3029 2204 3130 pullo
2255 3041 2326 3102 et
2365 3040 2782 3127 micromega
2820 3028 3044 3102 Mont.
3096 3030 3507 3130 peculiarem
3549 3018 3692 3104 sere

661 3153 939 3250 stirpem
990 3152 1292 3250 praebet.
1396 3147 1514 3221 Ad
1554 3146 2144 3222 FOMENTARJOS
2196 3162 2630 3222 accesserunt
2670 3152 2892 3223 variae
2942 3175 3161 3222 novae
3210 3150 3512 3248 species,
3567 3147 3693 3222 sed

659 3269 1062 3343 IMPOLITIS
1114 3283 1182 3343 et
1231 3267 1729 3342 LAEVIGATIS
1785 3267 1966 3339 haud
2030 3266 2352 3340 distinctis
2402 3269 2663 3366 absque
2712 3269 3188 3367 speciminibus
3238 3266 3516 3366 singulis
3568 3265 3692 3340 de-

655 3388 906 3461 finitum
979 3388 1202 3460 locum
1282 3387 1635 3486 adsignare
1704 3385 1968 3459 difficile
2033 3398 2154 3458 est.
2256 3384 2347 3459 H.
2416 3387 2457 3459 l.
2529 3384 2838 3459 videntur
2905 3386 2991 3458 P.
3061 3395 3371 3485 tropicus
3438 3382 3690 3483 Jungh.

653 3504 804 3579 Jav.
865 3515 949 3580 28
999 3504 1112 3602 (P.
1162 3508 1496 3604 nigricans
1540 3506 1581 3577 l.
1635 3532 1694 3578 c.
1757 3549 1821 3576 =.-
1882 3501 1966 3576 P.
2020 3505 2392 3603 australis),
2470 3505 2555 3576 Ρ.
2621 3503 3014 3599 galegensis
3100 3500 3325 3576 Mont.
3384 3501 3580 3577 Cent.
3632 3499 3687 3575 I.

654 3654 718 3698 u.
777 3630 891 3713 Η,
986 3626 1071 3697 Ρ.
1125 3622 1568 3696 Auberianus
1641 3622 1864 3696 Mont.
1949 3621 2125 3695 Cub.
2173 3650 2239 3721 p.
2292 3629 2448 3710 399,
2496 3633 2540 3694 t.
2593 3627 2702 3709 16,
2760 3621 2802 3695 f.
2852 3626 2914 3695 1.
3023 3621 3107 3694 Ρ.
3156 3622 3427 3716 ligneus
3476 3618 3689 3694 Berk.

654 3741 833 3817 Anu.
884 3742 1059 3817 Hist.
1114 3742 1273 3816 Nat.
1329 3741 1448 3816 III.
1499 3771 1567 3841 p.
1615 3749 1769 3829 387,
1822 3743 1908 3814 Ρ.
1962 3737 2516 3814 rhabarbarinus
2573 3742 2614 3814 l.
2669 3768 2727 3814 c.
2783 3767 2850 3840 p.
2901 3745 3026 3813 388
3076 3737 3395 3838 (»Pileus
3448 3740 3693 3812 almost

657 3863 1097 3962 lacquered»)
1139 3865 1224 3936 Ρ.
1263 3860 1842 3961 gryphaefomnis
1883 3856 2094 3932 Berk.
2151 3857 2346 3933 Ceut.
2402 3857 2452 3931 I.
2506 3886 2569 3931 ιι.
2625 3864 2695 3932 Η
2753 3884 2812 3932 e.
2867 3887 2919 3933 s.
2970 3885 3038 3957 p.

1595 4052 1676 4126 U.
1741 4051 1969 4153 Stirps
2020 4053 2099 4127 P.
2158 4077 2529 4130 monz-1.

753 4189 992 4267 Pileus
1045 4189 1488 4277 dimidiatu8‚
1543 4190 1898 4293 lignosuS‚
1947 4191 2321 4290 perenniS,
2376 4191 2705 4291 primitus
2748 4189 3270 4277 anodermeus‚
3322 4189 3689 4266 floccosus

653 4311 696 4385 Ι.
753 4309 1169 4410 pruinosus,
1230 4308 1399 4383 dein
1450 4302 2251 4385 indurato-incrustatus
2303 4334 2347 4384 a
2396 4307 2795 4383 substantia
2861 4307 3018 4408 ipsa
3084 4307 3382 4410 rigente.
3493 4310 3688 4384 Con-

649 4436 894 4503 textus
967 4425 1569 4502 fibroso-radians
1646 4427 2106 4503 descendens
2185 4427 2261 4502 in
2338 4451 2568 4527 poros
2646 4424 2976 4525 stipatoS,
3055 4425 3468 4528 elongatoS,
3537 4452 3688 4503 non

644 4554 1013 4621 stratosoS.

753 4689 933 4764 Inter
1004 4688 1312 4765 Fomites
1391 4689 1806 4790 respondent
1878 4688 2290 4791 Spongiosis
2341 4719 2392 4762 s.
2446 4692 2635 4788 stirpi
2700 4689 2785 4761 P.
2838 4686 3098 4787 hispidi
3158 4688 3225 4759 in
3291 4689 3506 4786 prima
3577 4715 3689 4763 se-

535 4860 544 4867 ·
645 4813 771 4895 rie3
853 4837 890 4881 a
954 4809 1438 4895 Fomentariis‚
1522 4836 1672 4882 cum
1749 4813 1993 4909 quibus
2042 4812 2134 4883 ob
2190 4821 2410 4881 cutem
2464 4807 2833 4880 induratam
2892 4806 3183 4893 confusi,
3239 4815 3370 4875 tam
3422 4805 3689 4879 defectu

646 4943 911 5003 crustae
964 4930 1348 5029 (propriae)
1397 4954 1718 5014 corneae,
1761 4954 1958 5026 quam
2012 4939 2346 5000 contextu.
2455 4924 2730 5023 Colligit
2782 4924 3021 4996 multas
3069 4923 3369 5022 species:
3419 4926 3491 5023 a)
3537 4951 3691 4995 um-

638 5045 882 5120 brinas
936 5049 1056 5145 (P.
1111 5049 1420 5149 leprosus
1465 5045 1719 5144 Epion,
1780 5048 1887 5118 cui
1941 5046 2172 5120 affines
2221 5048 2306 5118 Ρ.
2357 5045 2757 5119 Hasskarlii
2779 5042 2965 5116 Levi
3011 5045 3076 5114 in
3131 5040 3310 5113 Ann.
3354 5035 3473 5112 Sc.
3528 5039 3689 5116 Nat.

649 5167 687 5236 Ι.
751 5193 808 5238 c.
867 5179 935 5239 et
984 5169 1068 5238 P.
1122 5168 1598 5267 melanoporus
1649 5161 1863 5237 Mont.
1921 5164 2115 5239 Ceut.
2167 5164 2287 5238 III.
2343 5194 2409 5265 p.
2462 5173 2522 5237 7.
2573 5167 2657 5236 Ρ.
2720 5159 2966 5237 dubius
3024 5158 3231 5234 Berk.
3284 5155 3482 5257 Mag.
3538 5158 3684 5232 Nat

3436 5287 3477 5351 9
