4984 6517
1344 535 1618 662 ‘382

1340 786 1598 864 ordine
1649 794 1723 861 et
1768 793 2099 886 tempore
2154 781 2417 859 ceteris
2466 783 2915 885 praecedere
2971 794 3073 873 et,
3141 809 3575 888 quamquam
3628 783 3738 859 his
3805 784 4182 886 plurimum
4243 787 4500 880 debeat,

1338 918 1577 982 tamen
1631 904 1860 1006 ipsam
1908 927 2074 978 esse
2121 901 2440 1004 quodam
2486 902 2714 978 modo
2761 904 3084 1004 priorem
3133 901 3452 1007 tantique
3509 904 3876 991 momenti,
3931 913 4024 989 ut,
4081 904 4211 981 nisi
4251 907 4392 1008 ipsa
4410 916 4500 1001 sit,

1335 1047 1579 1126 neque
1626 1021 1767 1099 sint
1815 1031 2122 1107 ceterae,
2178 1021 2449 1096 nedum
2497 1022 2667 1097 satis
2733 1033 3066 1098 constent
3114 1046 3201 1098 ac
3250 1022 3557 1124 vigeant.
3665 1024 3915 1125 Itaque
3966 1046 4085 1097 ars
4125 1023 4236 1098 illa
4260 1027 4505 1105 critico-

1334 1167 1498 1222 rum
1550 1142 1752 1245 quasi
1788 1140 2026 1241 primo
2077 1140 2249 1215 loco
2294 1165 2575 1242 suaque
2628 1138 2776 1214 fide
2827 1140 3158 1241 spondet,
3210 1140 3526 1217 futurum
3575 1166 3741 1216 esse
3774 1140 4183 1243 aliquando,
4230 1156 4302 1219 ut
4343 1144 4502 1223 illam

1333 1285 1511 1338 vere
1563 1284 1995 1361 usurpemus
2038 1257 2593 1360 pulcherrimam
2639 1259 3030 1334 litterarum
3059 1260 3508 1362 antiquarum
3556 1257 4048 1347 hereditatem,
4102 1285 4305 1362 quam
4350 1289 4506 1341 non-

1334 1380 1507 1455 dum
1559 1377 1773 1454 nobis
1824 1376 2103 1454 licuerit
2149 1386 2480 1452 cunctam
2535 1377 2767 1464 adire3
2823 1402 3010 1479 quae
3066 1377 3362 1480 quidem
3414 1377 3777 1454 hereditas
3849 1378 4010 1479 ipso
4071 1402 4329 1480 genere
4374 1392 4495 1458 tam

1333 1498 1723 1599 praecipua
1770 1521 1938 1599 pars
1986 1503 2096 1572 est
2149 1497 2532 1571 universae
2585 1495 2957 1572 doctrinae
3007 1505 3222 1600 atque
3276 1497 3744 1584 humanitatis,
3800 1505 3879 1572 ut
3923 1497 4118 1574 illam
4167 1499 4510 1598 repudiare

1332 1639 1481 1692 non
1531 1617 1915 1718 possimus,
1969 1615 2141 1717 quin
2194 1615 2494 1691 exsistat
2550 1615 2826 1702 lacuna,
2881 1640 3069 1717 quae
3123 1616 3412 1692 aliunde
3466 1614 3749 1717 expleri
3797 1623 4132 1716 nequeat.
4233 1617 4321 1692 Et
4368 1632 4509 1694 sunt

1331 1727 1647 1839 quidem,
1701 1734 1962 1838 quibus
2014 1732 2443 1811 adducimur
2497 1740 2572 1807 ut
2623 1732 3076 1809 confidamus
3128 1733 3445 1811 futurum
3493 1759 3678 1823 esse,
3733 1744 3812 1810 ut
3855 1734 4014 1812 laus
4065 1733 4182 1809 illa
4226 1736 4418 1810 etiam
4442 1738 4504 1815 in

1331 1854 1488 1931 dies
1540 1856 1767 1959 magis
1814 1853 2204 1930 invalescat
2255 1865 2327 1928 et
2378 1852 2538 1953 plus
2591 1852 2899 1954 plusque
2957 1854 3317 1953 proficiat:
3375 1853 3645 1954 ingenii
3707 1877 4018 1928 acumen
4075 1878 4342 1962 eorum,
4403 1859 4505 1957 qui

1327 1976 1402 2050 in
1450 1973 1568 2048 illa
1616 1982 2013 2059 versantur,
2066 1981 2140 2047 et
2192 1970 2519 2052 doctrina
2569 1980 2642 2047 et
2692 1970 3007 2046 studium
3035 1981 3110 2048 et
3135 1972 3502 2059 industria,
3558 1981 3630 2047 et
3683 2017 3777 2030 —-
3816 1980 3952 2048 stat
3983 1971 4313 2046 nimirum
4341 1976 4506 2075 apud

1325 2117 1595 2197 gnaros
1647 2101 1720 2168 et
1769 2090 2132 2192 sapientes
2184 2090 2397 2164 etiam
2464 2087 2634 2165 huic
2708 2089 3071 2165 sollertiae
3137 2089 3375 2167 honos
3426 2117 3602 2166 suus
3652 2133 3745 2150 -
3801 2100 3999 2191 parta
4045 2094 4211 2190 -jam
4262 2090 4501 2168 dudum

1324 2212 1572 2316 gloria,
1624 2210 2143 2287 validissimum
2211 2208 2388 2284 illud
2452 2210 2525 2284 in
2577 2209 2830 2285 animis
2880 2209 3286 2284 mortalium
3370 2235 3640 2311 operae
3692 2208 4071 2284 navandae
4123 2209 4510 2285 incitamen«

1324 2342 1508 2419 tum;
1559 2331 1782 2434 idque
1831 2328 2068 2430 ipsum
2120 2336 2230 2403 est
2276 2327 2613 2429 prosperi
2655 2351 3042 2403 successus
3092 2328 3353 2430 pignus
3405 2328 3906 2416 certissimum,
3962 2326 4167 2430 quod
4211 2352 4350 2429 quo
4380 2354 4503 2403 ma-

1323 2451 1434 2560 gis
1485 2449 1598 2526 sui
1639 2448 1778 2550 ipsi
1830 2448 2091 2549 suiqu‘e
2137 2447 2454 2521 muneris
2507 2447 2781 2527 conscii
2856 2445 3021 2523 facti
3093 2456 3260 2523 sunt
3312 2446 3535 2522 critici
3585 2446 3714 2535 illi,
3786 2473 3932 2549 quo
3991 2445 4252 2521 clarius
4303 2447 4500 2522 oculis

1323 2569 1582 2645 mentis
1629 2567 2148 2669 perlustrarunt
2197 2565 2417 2667 longe
2460 2565 2748 2668 lateque
2803 2573 3168 2666 patentem
3219 2590 3573 2666 campum,
3624 2566 3696 2645 in
3752 2590 3901 2667 quo
3943 2563 4167 2639 virtus
4216 2565 4506 2665 ipsorum

1323 2707 1723 2764 excurrere
1773 2684 2096 2771 deberet,
2149 2710 2298 2787 quo
2350 2683 2629 2785 planius
2663 2683 3191 2770 intellexerunt,
3242 2692 3584 2786 quantum
3633 2683 3907 2758 laboris
3944 2681 4302 2784 reliquum
4327 2692 4506 2772 esset,

1320 2834 1415 2884 eo
1468 2805 1826 2881 erectiore
1877 2802 2375 2905 alacrioreque
2402 2802 2643 2877 animo
2672 2827 2916 2905 eoque
2960 2804 3240 2899 majore
3287 2824 3453 2876 cum
3507 2800 3947 2878 confidentia
3975 2799 4072 2875 ad
4105 2825 4288 2901 opus
4315 2798 4509 2875 effici-

1319 2924 1590 3002 endum
1640 2930 2123 3011 accesserunt,
2176 2920 2367 3012 facto
2408 2926 2564 3021 jam
2613 2921 2872 2996 virium
2946 2944 3240 2996 suarum
3315 2919 3644 3020 periculo
3724 2945 3932 3021 spem
3998 2903 4261 2993 laetam
4321 2943 4502 3019 prae-

1321 3044 1668 3146 cipientes
1722 3041 1961 3118 futuri.

1617 3160 1973 3237 Venimus
2022 3182 2216 3235 nunc
2265 3157 2361 3232 ad
2408 3143 2688 3258 partem
2743 3155 2932 3232 illam
2984 3157 3401 3258 disciplinae
3454 3154 3969 3258 philologicae,
4031 3179 4270 3256 quae.
4295 3178 4502 3257 gram-

1319 3282 1619 3357 maticae
1670 3280 1966 3356 nomine
2015 3276 2430 3379 appellatur.

1616 3445 2147 3520 Grammaticae
2198 3466 2348 3517 non
2399 3465 2622 3517 unum
2668 3466 2920 3545 genuS,
2974 3441 3109 3518 sed
3159 3442 3365 3543 plura
3430 3466 3597 3517 esse
3659 3440 3945 3528 docent,
4024 3440 4153 3544 qui
4211 3441 4512 3518 subtilius

1274 3561 1410 3637 ‘de
1454 3560 1597 3637 hoc
1646 3585 1921 3666 genere
1973 3560 2350 3670 disputant.
2454 3560 2582 3638 Illa
2631 3561 2828 3635 varie
2880 3559 3320 3637 constituere
3368 3560 3552 3647 licet,
3604 3560 3736 3635 sed
3787 3560 4089 3635 omnino
4144 3562 4276 3636 tria
4316 3561 4508 3636 ratio-

1314 3703 1407 3756 ne
1458 3689 1857 3781 ponuntur,
1942 3705 2255 3783 quorum
2316 3680 2630 3781 primum
2696 3692 2895 3755 recte
2976 3679 3233 3755 di'citur
3290 3675 3891 3780 philosophicum.
4009 3679 4246 3780 quue
4297 3703 4508 3781 genus

1312 3823 1570 3899 reapse
1616 3796 2115 3899 philosophiae
2164 3798 2388 3899 ipsius
2442 3798 2788 3899 particula
2852 3798 3210 3900 quaedam
3268 3806 3407 3886 est,
3473 3821 3690 3900 quam
3743 3796 4057 3872 eandem
4125 3797 4508 3932 grammati-

1314 3941 1476 3992 cam
1516 3917 1939 4032 generalem
2008 3916 2371 4017 appellare
2442 3916 2628 3992 licet.
2729 3917 2985 4020 anue
3035 3917 3472 4018 speculativa
3549 3925 3660 3991 est
3727 3914 3882 3991 sive
3932 3915 4179 4018 logica
4230 3916 4381 4016 ipsa
4426 3915 4506 3990 ad

1311 4035 1693 4112 universae
1737 4034 2116 4136 cujusdam
2164 4035 2449 4138 linguae
2500 4034 2854 4111 rationem
2898 4043 3256 4112 revocata.
3361 4036 3455 4109 Et
3506 4034 3847 4136 quoniam
3910 4034 3984 4108 in
4043 4032 4190 4109 hoc
4255 4059 4504 4137 genere

1310 4154 1478 4229 artis
1520 4153 2031 4255 grammaticae
2077 4164 2322 4229 cetera
2370 4154 2613 4229 omnia
2668 4154 2871 4256 quasi
2919 4154 2993 4230 in
3048 4153 3517 4229 fundamento
3572 4177 3710 4228 suo
3761 4149 4102 4240 nituntur,
4160 4177 4375 4254 quum
4424 4152 4505 4226 ad

1309 4297 1565 4348 omnes
1605 4272 1684 4347 id
1733 4297 1966 4376 genus
2015 4273 2323 4372 pertinet
2366 4272 2916 4359 Grammaticos,
2971 4283 3120 4347 tum
3182 4298 3360 4347 vero
3408 4270 3502 4347 ad
3544 4296 3699 4359 eos,
3753 4271 3877 4374 qui
3936 4272 4171 4347 Latini
4221 4269 4502 4346 studiosi

1303 4390 1664 4466 sermonis
1710 4391 1903 4467 illam
1954 4398 2182 4466 artem
2245 4392 2692 4492 profitentur
2820 4390 3045 4466 Aliud
3115 4390 3624 4498 grammaticae
3689 4414 3922 4491 genus
3983 4390 4062 4465 id
4134 4399 4262 4477 est,
4315 4387 4496 4491 quod

1305 4510 1868 4611 comparativum
1917 4509 2332 4611 appellatur.
2450 4510 2675 4602 Quod
2727 4534 2893 4584 cum
2942 4508 3202 4586 habeat
3260 4508 3634 4610 permulta,
3714 4532 3901 4611 quae
3979 4510 4302 4583 animum
4376 4506 4507 4580 alli-

1302 4629 1493 4703 ciant
1542 4637 1615 4703 et
1658 4628 2071 4732 dignissima
2118 4628 2275 4715 sint,
2331 4651 2518 4730 quae
2571 4637 3124 4729 cognoscantur,
3180 4627 3273 4702 de
3326 4652 3420 4703 eo
3469 4637 3709 4702 tamen
3760 4627 3864 4702 sic
3916 4627 4182 4715 sentio,
4245 4623 4500 4702 etiamsi

1304 4746 1427 4848 qui
1469 4746 1543 4821 in
1590 4743 1733 4820 hoc
1777 4770 2050 4849 genere
2096 4755 2496 4834 versentur,
2549 4746 3058 4850 grammaticae
3116 4746 3410 4852 Latinae
3459 4770 3608 4820 non
3662 4746 3937 4846 possint
3968 4753 4317 4846 expertes
4352 4767 4499 4818 esse

1304 4861 1766 4967 cognitionis,
1812 4875 2051 4940 tamen
2102 4864 2163 4940 si
2211 4864 2371 4967 quis
2416 4865 2489 4940 in
2536 4891 2879 4941 sermone
2930 4866 3181 4943 Latino
3234 4876 3598 4967 tamquam
3648 4864 3719 4938 in
3773 4890 3855 4940 re
3904 4865 4205 4965 propria
4257 4888 4341 4938 ac
4386 4886 4503 4936 sua

1303 5005 1602 5081 operam
1657 4981 2134 5085 laboremque
2185 4991 2421 5083 ponat,
2476 5009 2647 5059 eum
2704 5008 2855 5059 non
2895 5009 3116 5085 posse
3166 5007 3611 5086 magnopere
3664 4982 4018 5057 inservire
4083 4982 4187 5057 illi
4262 4978 4499 5084 generi

1297 5099 1824 5200 grammaticae,
1876 5100 2080 5203 quod
2129 5102 2696 5203 comparativum
2740 5112 2881 5178 est:
2934 5100 3078 5176 hoc
3128 5101 3318 5177 enim
3377 5100 3750 5177 existimes
3797 5101 3959 5202 plus
4010 5100 4371 5202 prodesse
4402 5098 4499 5182 iis,

1298 5218 1419 5320 qui
1474 5218 1547 5292 in
1596 5218 1998 5322 originibus
2050 5220 2748 5324 cognationibusque
2795 5221 3199 5323 linguarum
3250 5220 3788 5320 litterarumque
3865 5220 4214 5305 omnium,
4290 5217 4498 5318 inque

1160 5381 1173 5394 ·
1295 5334 1612 5413 sontibus
1662 5346 1737 5414 et
1782 5337 1855 5412 in
1906 5335 2150 5413 rivulis
2196 5338 2367 5439 ipsis
2422 5339 2654 5416 cultus
2722 5338 3016 5415 humani
3084 5336 3509 5441 indagandis
3582 5337 4236 5439 consectandisque
4288 5358 4497 5410 occu-
