4984 6517
3488 548 3602 633 w

662 758 782 835 sed
852 742 1073 859 pileus
1151 759 1448 831 omnino·
1500 757 1704 845 liber,
1781 760 2048 858 poetice
2108 761 2462 835 tuberculo
2532 761 3103 837 scutato-dilatato
3162 761 3475 849 adustus,
3525 767 3710 835 2—3

661 906 803 957 unc.
857 878 1068 966 latus,
1111 877 1843 977 &bellari-expansus,
1903 881 2166 978 postice
2246 879 2618 979 depressus
2702 892 2772 952 et
2845 880 3143 980 margine
3230 882 3463 955 lobato
3541 907 3706 955 con·
3820 910 3833 937 =

662 997 1195 1082 vexo-reflexus,
1251 996 1703 1095 subplicatus,
1752 995 2226 1094 glaberrimus,
2278 997 2525 1070 nitidus
2546 1055 2563 1085 ,
2632 1008 2703 1095 (e
2759 998 3099 1073 schedulis
3172 1003 3538 1075 inventoris
3590 1027 3705 1075 ca-

668 1129 966 1202 staneus,
1018 1114 1144 1188 sed
1195 1116 1260 1186 in
1310 1102 1792 1213 speciminibus
1836 1117 2341 1214 praesentibus)
2389 1118 2762 1202 lutescens,
2818 1119 3009 1190 zonis
3044 1121 3523 1215 ,concentricis
3581 1147 3705 1194 un-

666 1234 900 1307 dulatis
951 1232 1155 1334 paulo
1206 1234 1750 1319 saturatioribus‚
1801 1260 1938 1305 nou
1985 1259 2150 1306 vero
2204 1234 2655 1308 discoloribus
2717 1248 3005 1327 notatus.
3110 1235 3501 1313 Substantia
3562 1240 3706 1313 sere

663 1354 740 1424 P.
797 1378 1395 1453 papyraceorum.
1501 1349 1670 1424 Pori
1722 1346 1999 1438 minimi,
2055 1351 2352 1439 rotundi,
2411 1355 2683 1452 integri,
2736 1355 3019 1442 breves,
3084 1357 3149 1428 in
3223 1359 3702 1456 speciminibus
3780 1426 3789 1437 .

673 1473 826 1545 visis
877 1469 1399 1570 griseo-pallidi,
1452 1470 1580 1545 sed
1633 1496 1671 1544 e
1729 1469 2069 1545 schedulis
2123 1472 2414 1543 auctoris
2465 1473 2531 1544 in
2581 1474 2738 1545 vivo
2798 1472 3642 1587 lutescenti-cinnamomei.

119 1630 142 1693 vt}
177 1630 180 1693 'g
750 1610 901 1685 Res
956 1640 1215 1685 summa
1269 1614 1632 1686 attentione
1685 1611 1886 1711 digna
1940 1626 2092 1685 sunt
2143 1619 2540 1691 mutationes
2595 1617 3086 1707 characterum,
3160 1642 3327 1719 quas
3393 1619 3701 1721 Polypo-

119 1764 134 1808 ε.
175 1768 188 1783 ¹
341 1720 348 1733 ³
663 1732 751 1805 rei
803 1733 1124 1804 exsiccati
1180 1733 1490 1804 subeunt.
1592 1729 1756 1804 Non
1834 1731 2041 1803 modo
2096 1734 2366 1807 colores
2421 1748 2789 1823 mutantur,
2860 1736 2983 1810 sed
3064 1739 3262 1815 etiam
3315 1740 3700 1813 substantia.

119 1864 134 1931 {q
660 1847 772 1921 Sic
850 1849 1176 1948 plurimos
1244 1847 1726 1948 Pleuropodes
1777 1875 1997 1922 novos
2053 1877 2091 1924 e
2141 1849 2313 1923 Java
2366 1852 2453 1924 ad
2505 1855 2730 1926 vivum
2805 1854 3168 1954 descripsit
3247 1854 3395 1931 Cel.
3460 1857 3697 1955 Jung-

658 1967 865 2053 hulm,
946 1995 1181 2042 omnes
1257 1968 1436 2068 pileo
1513 1970 1970 2051 subcarnos03
2047 1969 2325 2041 totidem
2403 1972 2670 2045 circiter
2751 1969 2898 2045 Cel.
2968 1974 3291 2059 Leveille,
3342 1988 3411 2048 at
3460 2002 3697 2048 omnes

116 2124 132 2191 Ι
663 2088 1022 2160 coriaceus.
1124 2084 1367 2160 Mente
1426 2087 1620 2160 simul
1692 2076 2083 2188 reputantes
2150 2088 2419 2165 colores
2485 2091 2552 2161 in
2615 2101 2788 2162 statu
2842 2104 3092 2190 vegeto
3151 2105 3218 2165 et
3268 2091 3512 2166 diutius
3567 2096 3697 2167 sic-

117 2265 132 2309 4
659 2217 832 2291 cato,
910 2204 1101 2278 facile
1165 2205 1482 2294 vidimus,
1559 2231 1759 2304 quam
1844 2206 2263 2306 impossibile
2332 2209 2419 2279 sit
2481 2234 2520 2281 e
2581 2210 2742 2283 solis
2810 2207 3378 2309 descriptionibus
3458 2238 3696 2286 eruere

116 2358 132 2429 Β
659 2348 1042 2425 synonyma.

1460 2473 1555 2548 D.
1663 2472 1893 2573 Stirps
1937 2472 2016 2548 P.
2075 2493 2677 2548 mour-manns.

748 2611 982 2689 Pileus
1035 2617 1419 2701 coriaceus,
1468 2617 1715 2701 tenuis,
1763 2615 1918 2721 plus
1993 2616 2212 2688 minus
2268 2613 3078 2714 prolificanti-multiplex,
3130 2617 3197 2687 in
3252 2617 3544 2715 stipitem
3597 2618 3695 2689 in·

661 2731 996 2806 definitum
1047 2733 1364 2830 (subinde
1418 2734 1871 2832 deficientem)
1928 2734 2083 2833 plus
2137 2735 2352 2806 minus
2408 2744 2810 2830 protractus.
2916 2729 2993 2805 In
3044 2731 3341 2832 Epicrisi
3402 2736 3488 2807 P.
3518 2763 3695 2836 pro.-

651 2852 1024 2950 lq‘ficantem
1078 2864 1415 2952 tamquam
1465 2879 1711 2937 ‚novae
1780 2855 2006 2952 stirpis
2072 2865 2342 2953 typum,
2398 2848 2938 2941 Merismoideis‚
2992 2855 3363 2951 praecipue
3427 2853 3696 2927 Sterco-

651 2998 834 3054 rum,
891 2971 1128 3043 eximie
1183 2971 1745 3071 respondentem,
1797 2974 2161 3071 proposui,
2214 2972 2321 3043 cui
2374 2996 2733 3044 accessere
2798 2972 3124 3071 plurimae
3190 2998 3445 3060 novae,
3499 3000 3696 3072 prae-

653 3101 751 3162 ter
805 3089 969 3162 infra
1020 3092 1421 3176 recensitas,
1469 3118 1531 3162 v.
1586 3117 1643 3163 c.
1695 3091 1778 3162 Ρ.
1817 3090 2129 3191 poce-ilus
2181 3085 2412 3174 Berk.,
2463 3090 2529 3161 in
2608 3087 2785 3163 Arm.
2851 3086 3026 3163 Hist.
3088 3088 3205 3178 X„
3259 3091 3346 3163 P.
3426 3092 3698 3164 lacerus»-

647 3204 892 3306 Jungh.
946 3205 1095 3279 Jav.
1149 3234 1218 3280 n.
1267 3215 1381 3296 32,
1437 3211 1523 3281 Ρ.
1555 3206 1927 3307 flabellum
1981 3205 2204 3279 Mont.
2261 3204 2438 3280 Cub.
2494 3219 2539 3279 t.
2602 3212 2701 3279 ⁴5.
2754 3207 2796 3279 f.
2849 3217 2928 3295 2„
2986 3210 3069 3281 Ρ.
3131 3209 3452 3309 plicatus
3525 3206 3696 3281 Blu-

643 3353 782 3412 me,
867 3327 954 3397 Ρ.
1028 3325 1466 3426 Spitgerberi
1542 3325 1766 3400 Mont.
1831 3324 2026 3399 Ceut.
2082 3321 2166 3397 II.
2222 3353 2281 3396 n.
2335 3332 2457 3412 83„
2538 3326 2626 3397 Ρ.
2691 3326 3215 3401 Gandichaudii
3283 3326 3450 3401 Lev.
3509 3326 3695 3430 Voy.

648 3441 870 3516 Bonit.
926 3458 969 3516 t.
1017 3450 1157 3518 ⁴40.
1214 3445 1256 3519 s.
1307 3455 1364 3518 2.
1466 3444 1605 3549 (P.
1692 3444 2085 3519 convolutus
2159 3441 2362 3542 Zipp.
2447 3446 2675 3541 potius
2746 3441 3141 3545 Polyporus
3221 3472 3259 3519 e
3333 3444 3697 3549 Lobatis.)

656 3561 1001 3642 Quatenus
1052 3589 1216 3636 vere
1296 3563 1603 3637 diversae
1687 3567 1818 3637 sint
1895 3564 2171 3636 ulterius
2228 3560 2749 3660 explorandum·‚
2821 3565 3107 3661 primum
3157 3590 3322 3638 vero
3377 3567 3463 3637 sit
3531 3594 3693 3640 vere

653 3681 874 3755 affines
924 3682 1352 3781 recolligere,
1401 3709 1553 3753 nam
1603 3684 1669 3754 in
1723 3694 2081 3781 praesente
2134 3683 2303 3753 inter
2352 3706 2677 3752 novarum
2728 3683 3107 3778 specierum
3163 3685 3380 3783 copiis
3433 3684 3692 3783 absque

655 3798 970 3872 affinitatis
1022 3801 1266 3873 indicio
1332 3826 1532 3875 nemo
1588 3828 1663 3873 se
1739 3800 2061 3899 expedire
2131 3800 2369 3899 possit.
2474 3795 2745 3872 Vellem
2799 3826 2962 3872 sane
3043 3826 3280 3875 omnes
3331 3799 3693 3904 Mycologi

139 4000 148 4017 Ι
656 3918 1066 3991 attenderent
1113 3948 1326 3993 novas
1379 3922 1685 4017 species,
1737 3921 1913 3991 tribu
1967 3931 2034 3991 et
2085 3920 2295 4016 stirpe
2349 3915 2531 3988 haud
2584 3916 2901 4004 delinitis,
2948 3915 3404 3991 describendo
3454 3920 3691 3993 horum

123 4030 146 4123 Ι
656 4036 935 4108 studium
989 4040 1201 4137 magis
1245 4039 1567 4124 intricari,
1627 4064 1825 4136 quam
1881 4037 2256 4120 sublevari3
2342 4061 2478 4108 non
2555 4034 2762 4106 modo
2838 4038 3024 4135 ipsas
3099 4036 3360 4135 plantas
3422 4041 3693 4124 iterum,

654 4154 770 4227 sed
820 4156 1047 4241 etiam,
1103 4157 1289 4255 quod
1343 4159 1615 4257 gravius
1670 4167 1738 4230 et
1790 4181 1999 4253 saepe
2051 4155 2304 4226 irritum
2359 4155 2473 4239 sit,
2528 4180 2902 4255 synonyma
2956 4154 3279 4255 detegere
3333 4159 3655 4256 cogimur.

475 4300 560 4366 17.
657 4295 729 4369 Ρ.
782 4319 1303 4375 Pnonmctms.
1384 4296 1622 4398 Epicr.
1673 4324 1742 4399 p.
1803 4304 1941 4371 443.
2000 4299 2086 4371 P.
2139 4298 2617 4398 xalappensis.
2694 4295 2937 4372 Berk!
2993 4298 3194 4372 Cent.
3251 4299 3368 4374 111.
3418 4325 3488 4374 n.
3544 4307 3686 4376 217.

651 4414 853 4513 Spec.
909 4440 952 4488 e
1014 4414 1367 4517 Xalappa.
2047 4430 2054 4439 ’

748 4554 827 4627 In
880 4555 1141 4630 truncis
1180 4555 1275 4631 ad
1321 4557 1700 4657 Jalappam
1751 4554 1959 4658 regni
2005 4553 2394 4630 Mexicaui.
2504 4556 2825 4631 Sca-eide!
2879 4555 3326 4632 Communic.
3373 4561 3689 4635 Schlech-

657 4673 937 4746 tendald.

748 4811 1193 4916 Summopere
1247 4815 1562 4914 insignis,
1615 4815 1728 4886 vix
1785 4812 1891 4884 alii
1957 4811 2185 4885 affinis.
2288 4808 2525 4885 Pileus
2607 4814 2996 4902 coriaceus,
3077 4814 3502 4888 tenuissimus
3577 4840 3685 4896 aut

658 4934 867 5029 potius
932 4960 1384 5036 papyraceus,
1435 4931 1947 5018 flabelliformis,
2004 4937 2045 5003 3
2117 4958 2267 5003 unc.
2321 4934 2751 5005 transversim
2807 4932 3009 5018 latus,
3062 4928 3187 5003 sed
3238 4932 3685 5029 magnitudine

661 5053 898 5139 varius,
931 5052 1488 5152 longitudinaliter
1534 5063 1870 5139 costatus,
1923 5051 2133 5123 costis
2175 5050 2241 5122 in
2294 5052 2662 5149 marginem
2714 5052 3046 5149 porrectis
3098 5052 3164 5121 in
3212 5049 3411 5122 lobos
3459 5063 3685 5121 rotun-

668 5168 877 5258 datos,
925 5171 1158 5245 leviter
1208 5185 1278 5246 et
1343 5172 2046 5257 concolori-zonatoss,
2093 5167 2274 5243 unde
2327 5170 2628 5267 margine
2655 5170 2871 5267 quasi
2922 5167 3229 5267 prolifer,
3279 5170 3574 5266 griseus3
3620 5170 3684 5241 in

664 5302 850 5364 nostr.
896 5315 1081 5390 spec.
1126 5317 1423 5392 superne
1497 5291 1845 5390 glabr-atus
1898 5300 1968 5363 et
2023 5300 2258 5364 costae
2309 5300 2564 5362 tantum
2623 5286 3127 5375 albo-villosae;
3191 5287 3455 5386 pontice
3510 5312 3683 5359 mar·
